Event Time,Symbol,Aggregate Trade ID,Price,Quantity,First Trade ID,Trade Time,Is Buyer Maker,USD Size
2025-08-24 22:55:39,ETHUSDT,2408699877,4744.11,126.044,6267256361,1756094139333,True,597966.60
2025-08-24 22:55:58,ETHUSDT,2408700151,4742.02,184.920,6267257216,1756094158699,False,876894.34
2025-08-24 22:55:59,ETHUSDT,2408700228,4742.99,159.843,6267257436,1756094159379,True,758133.75
2025-08-24 22:56:16,BTCUSDT,2832642805,113136.80,9.783,6581929664,1756094176278,False,1106817.31
2025-08-24 22:56:17,SOLUSDT,947729616,209.8900,2398.24,2597989977,1756094177037,False,503366.59
2025-08-24 22:56:17,ETHUSDT,2408700614,4741.09,156.700,6267258461,1756094177144,True,742928.80
2025-08-24 22:56:52,ETHUSDT,2408701520,4735.00,128.343,6267261363,1756094212693,True,607704.10
2025-08-24 22:56:54,ETHUSDT,2408702071,4734.51,113.320,6267263005,1756094214102,True,536514.67
2025-08-24 22:56:54,SOLUSDT,947729968,209.6000,3172.45,2597992670,1756094214246,True,664945.52
2025-08-24 22:57:07,ETHUSDT,2408703474,4732.14,122.421,6267266838,1756094227339,True,579313.31
2025-08-24 22:57:07,ETHUSDT,2408703872,4727.53,250.083,6267268201,1756094227342,True,1182274.88
2025-08-24 22:57:08,BTCUSDT,2832643622,113060.20,8.051,6581931780,1756094228722,True,910247.67
2025-08-24 22:57:08,BTCUSDT,2832643772,113038.90,5.250,6581932138,1756094228816,False,593454.22
2025-08-24 22:57:11,BTCUSDT,2832643822,113048.30,7.722,6581932290,1756094231025,True,872958.97
2025-08-24 22:57:16,ETHUSDT,2408704417,4728.00,400.881,6267269713,1756094236470,True,1895365.37
2025-08-24 22:57:16,ETHUSDT,2408704686,4725.00,147.036,6267270581,1756094236472,True,694745.10
2025-08-24 22:57:16,ETHUSDT,2408704694,4724.88,230.516,6267270788,1756094236473,True,1089160.44
2025-08-24 22:57:16,BTCUSDT,2832643884,113055.20,6.493,6581932470,1756094236517,True,734067.41
2025-08-24 22:57:17,ETHUSDT,2408705107,4723.00,225.962,6267271839,1756094237241,True,1067218.53
2025-08-24 22:57:18,ETHUSDT,2408705582,4725.72,106.480,6267272923,1756094238276,True,503194.67
2025-08-24 22:57:22,ETHUSDT,2408705866,4725.21,286.854,6267273886,1756094242058,False,1355445.39
2025-08-24 22:57:30,ETHUSDT,2408706395,4731.36,116.670,6267275084,1756094250615,True,552007.77
2025-08-24 22:57:42,BTCUSDT,2832644421,113111.00,7.510,6581933681,1756094262836,True,849463.61
2025-08-24 22:57:44,BTCUSDT,2832644434,113111.10,6.362,6581933754,1756094264918,False,719612.82
2025-08-24 22:57:48,ETHUSDT,2408706887,4734.16,109.265,6267276374,1756094268854,True,517277.99
2025-08-24 22:58:00,ETHUSDT,2408707168,4733.59,109.091,6267277216,1756094280560,True,516392.07
2025-08-24 22:58:06,BTCUSDT,2832644597,113123.20,19.651,6581934094,1756094286070,True,2222984.00
2025-08-24 22:58:23,BTCUSDT,2832644839,113083.40,5.745,6581934720,1756094303179,False,649664.13
2025-08-24 22:58:37,BTCUSDT,2832644917,113083.30,8.928,6581934880,1756094317076,True,1009607.70
2025-08-24 22:58:39,BTCUSDT,2832644932,113083.00,6.547,6581934990,1756094319116,True,740354.40
2025-08-24 22:59:02,BTCUSDT,2832645261,113035.50,7.700,6581935781,1756094342646,False,870373.35
2025-08-24 22:59:07,ETHUSDT,2408709774,4723.15,137.700,6267283833,1756094347113,True,650377.75
2025-08-24 22:59:09,ETHUSDT,2408709889,4722.04,137.609,6267284137,1756094349137,False,649795.20
2025-08-24 22:59:11,XRPUSDT,659038034,3.0250,249211.4,2625347205,1756094351733,True,753864.48
2025-08-24 22:59:12,BTCUSDT,2832645330,113038.50,6.103,6581936029,1756094352270,True,689873.97
2025-08-24 22:59:19,BTCUSDT,2832645395,113029.50,5.228,6581936179,1756094359020,True,590918.23
2025-08-24 22:59:19,BTCUSDT,2832645577,113000.00,7.967,6581936644,1756094359212,True,900271.00
2025-08-24 22:59:19,BTCUSDT,2832645588,113000.10,7.289,6581937032,1756094359531,False,823657.73
2025-08-24 22:59:28,BTCUSDT,2832645747,113012.80,5.620,6581937537,1756094368964,True,635131.94
2025-08-24 22:59:28,SOLUSDT,947732008,209.0000,3755.27,2598006935,1756094368977,True,784851.43
2025-08-24 22:59:28,ETHUSDT,2408710855,4720.00,578.061,6267286971,1756094368991,True,2728447.92
2025-08-24 22:59:29,SOLUSDT,947732027,208.9500,4385.09,2598007287,1756094369562,False,916264.56
2025-08-24 22:59:29,BTCUSDT,2832646305,112955.20,5.472,6581938950,1756094369996,True,618090.85
2025-08-24 22:59:30,ETHUSDT,2408711166,4719.27,110.913,6267288299,1756094370524,True,523428.39
2025-08-24 22:59:31,SOLUSDT,947732152,208.9800,4988.53,2598008435,1756094371253,False,1042503.00
2025-08-24 22:59:32,ETHUSDT,2408711277,4720.52,178.767,6267288649,1756094372251,False,843873.20
2025-08-24 22:59:33,ETHUSDT,2408711386,4721.99,128.699,6267288898,1756094373344,True,607715.39
2025-08-24 22:59:33,ETHUSDT,2408711489,4720.50,224.740,6267289143,1756094373373,False,1060885.17
2025-08-24 22:59:40,BTCUSDT,2832646693,112973.00,12.730,6581939981,1756094380113,True,1438146.29
2025-08-24 22:59:40,BTCUSDT,2832647114,112917.20,13.596,6581940957,1756094380732,False,1535222.25
2025-08-24 22:59:40,BTCUSDT,2832647115,112917.10,8.270,6581941006,1756094380907,True,933824.42
2025-08-24 22:59:43,BTCUSDT,2832647187,112924.20,21.330,6581941238,1756094383030,True,2408673.19
2025-08-24 22:59:43,BTCUSDT,2832647417,112888.00,6.525,6581941825,1756094383031,True,736594.20
2025-08-24 22:59:43,BTCUSDT,2832647681,112851.20,6.233,6581942375,1756094383033,True,703401.53
2025-08-24 22:59:43,BTCUSDT,2832647753,112842.00,5.395,6581942572,1756094383034,True,608782.59
2025-08-24 22:59:43,BTCUSDT,2832647915,112820.10,8.184,6581942908,1756094383035,True,923319.70
2025-08-24 22:59:43,BTCUSDT,2832647916,112820.00,44.414,6581942914,1756094383035,True,5010787.48
2025-08-24 22:59:43,BTCUSDT,2832647928,112818.40,5.026,6581942940,1756094383035,True,567025.28
2025-08-24 22:59:43,BTCUSDT,2832647936,112817.60,6.205,6581942962,1756094383035,True,700033.21
2025-08-24 22:59:43,BTCUSDT,2832648011,112808.40,5.428,6581943113,1756094383035,True,612324.00
2025-08-24 22:59:43,BTCUSDT,2832648038,112805.00,5.586,6581943173,1756094383035,True,630128.73
2025-08-24 22:59:45,BTCUSDT,2832648295,112871.40,6.718,6581944177,1756094385325,False,758270.07
2025-08-24 22:59:52,BTCUSDT,2832648566,112905.00,20.826,6581944894,1756094392348,True,2351359.53
2025-08-24 22:59:52,BTCUSDT,2832648849,112857.60,4.661,6581945492,1756094392349,True,526029.27
2025-08-24 22:59:52,BTCUSDT,2832648850,112857.50,5.885,6581945494,1756094392349,True,664166.39
2025-08-24 22:59:52,BTCUSDT,2832648851,112874.30,8.073,6581945495,1756094392384,False,911234.22
2025-08-24 22:59:53,BTCUSDT,2832648865,112871.80,12.499,6581945599,1756094393402,True,1410784.63
2025-08-24 23:00:03,BTCUSDT,2832649200,112914.30,5.549,6581946462,1756094403319,True,626561.45
2025-08-24 23:00:03,ETHUSDT,2408712977,4728.38,143.059,6267292600,1756094403972,True,676437.31
2025-08-24 23:00:06,BTCUSDT,2832649322,112937.70,4.948,6581946764,1756094406081,False,558815.74
2025-08-24 23:00:14,BTCUSDT,2832649648,112980.50,30.221,6581947531,1756094414932,True,3414383.69
2025-08-24 23:00:20,BTCUSDT,2832649779,112958.80,12.547,6581947942,1756094420403,False,1417294.06
2025-08-24 23:00:20,BTCUSDT,2832649781,112959.00,11.706,6581948023,1756094420485,True,1322298.05
2025-08-24 23:00:20,BTCUSDT,2832649782,112958.90,7.340,6581948070,1756094420485,True,829118.33
2025-08-24 23:00:20,BTCUSDT,2832650091,112910.60,8.065,6581948655,1756094420611,False,910623.99
2025-08-24 23:00:20,BTCUSDT,2832650092,112910.50,5.960,6581948678,1756094420626,True,672946.58
2025-08-24 23:00:36,BTCUSDT,2832650376,112883.00,7.893,6581949394,1756094436055,True,890985.52
2025-08-24 23:00:38,ETHUSDT,2408714399,4722.79,164.896,6267295929,1756094438903,False,778769.18
2025-08-24 23:00:39,BTCUSDT,2832650608,112885.50,17.420,6581949874,1756094439920,True,1966465.41
2025-08-24 23:00:55,BTCUSDT,2832650883,112839.50,7.610,6581950501,1756094455212,False,858708.60
2025-08-24 23:00:59,BTCUSDT,2832650943,112845.30,21.896,6581950693,1756094459583,True,2470860.69
2025-08-24 23:01:08,BTCUSDT,2832651047,112854.40,4.510,6581950995,1756094468414,False,508973.34
2025-08-24 23:01:10,ETHUSDT,2408715443,4721.41,167.277,6267298379,1756094470805,False,789783.30
2025-08-24 23:01:36,SOLUSDT,947734099,209.5100,2759.64,2598021826,1756094496821,False,578172.18
2025-08-24 23:01:43,BTCUSDT,2832651824,112978.70,5.912,6581952758,1756094503576,False,667930.07
2025-08-24 23:01:44,ETHUSDT,2408716758,4732.05,155.524,6267301775,1756094504012,True,735947.34
2025-08-24 23:01:44,BTCUSDT,2832651831,112978.60,31.416,6581952792,1756094504422,True,3549335.70
2025-08-24 23:01:46,BTCUSDT,2832651922,112961.30,4.449,6581953069,1756094506956,False,502564.82
2025-08-24 23:02:11,BTCUSDT,2832652296,113006.00,9.831,6581953969,1756094531406,False,1110961.99
2025-08-24 23:02:25,BTCUSDT,2832652490,113022.80,30.931,6581954400,1756094545543,True,3495908.23
2025-08-24 23:02:27,BTCUSDT,2832652539,113014.30,4.452,6581954591,1756094547417,True,503139.66
2025-08-24 23:02:33,BTCUSDT,2832652606,113005.90,7.168,6581954783,1756094553164,True,810026.29
2025-08-24 23:02:38,ETHUSDT,2408718670,4730.00,320.534,6267306187,1756094558850,True,1516125.82
2025-08-24 23:02:44,BTCUSDT,2832652827,112967.60,13.300,6581955351,1756094564752,False,1502469.08
2025-08-24 23:02:50,BTCUSDT,2832652860,112967.50,8.939,6581955466,1756094570912,True,1009816.48
2025-08-24 23:02:51,BTCUSDT,2832652975,112944.90,4.947,6581955771,1756094571378,False,558738.42
2025-08-24 23:02:57,BTCUSDT,2832653040,112936.30,16.762,6581955966,1756094577233,False,1893038.26
2025-08-24 23:03:03,ETHUSDT,2408719360,4732.70,105.653,6267307722,1756094583645,True,500023.95
2025-08-24 23:03:33,ETHUSDT,2408720495,4732.99,122.011,6267310309,1756094613887,True,577476.84
2025-08-24 23:04:18,ETHUSDT,2408721671,4732.99,109.196,6267312875,1756094658492,False,516823.58
2025-08-24 23:04:39,BTCUSDT,2832654593,112984.90,5.374,6581959204,1756094679742,True,607180.85
2025-08-24 23:05:09,ETHUSDT,2408722831,4733.43,168.989,6267315611,1756094709171,False,799897.60
2025-08-24 23:05:38,ETHUSDT,2408723514,4736.31,157.889,6267317270,1756094738531,False,747811.25
2025-08-24 23:05:53,BTCUSDT,2832656037,113019.00,6.615,6581962171,1756094753442,True,747620.69
