Event Time,Symbol,Aggregate Trade ID,Price,Quantity,First Trade ID,Trade Time,Is Buyer Maker,USD Size
2025-08-24 22:55:39,ETHUSDT,2408699877,4744.11,126.044,6267256361,1756094139333,True,597966.60
2025-08-24 22:55:58,ETHUSDT,2408700151,4742.02,184.920,6267257216,1756094158699,False,876894.34
2025-08-24 22:55:59,ETHUSDT,2408700228,4742.99,159.843,6267257436,1756094159379,True,758133.75
2025-08-24 22:56:16,BTCUSDT,2832642805,113136.80,9.783,6581929664,1756094176278,False,1106817.31
2025-08-24 22:56:17,SOLUSDT,947729616,209.8900,2398.24,2597989977,1756094177037,False,503366.59
2025-08-24 22:56:17,ETHUSDT,2408700614,4741.09,156.700,6267258461,1756094177144,True,742928.80
2025-08-24 22:56:52,ETHUSDT,2408701520,4735.00,128.343,6267261363,1756094212693,True,607704.10
2025-08-24 22:56:54,ETHUSDT,2408702071,4734.51,113.320,6267263005,1756094214102,True,536514.67
2025-08-24 22:56:54,SOLUSDT,947729968,209.6000,3172.45,2597992670,1756094214246,True,664945.52
2025-08-24 22:57:07,ETHUSDT,2408703474,4732.14,122.421,6267266838,1756094227339,True,579313.31
2025-08-25 00:17:25,BTCUSDT,2832707545,112500.80,7.052,6582084270,1756099045774,False,793355.64
2025-08-25 00:17:39,BTCUSDT,2832707599,112500.10,5.436,6582084459,1756099059628,False,611550.54
2025-08-25 00:17:46,SOLUSDT,947783074,205.6500,9842.32,2598358302,1756099066112,False,2024073.11
2025-08-25 00:18:03,ETHUSDT,2408850601,4705.00,1282.717,6267636951,1756099083937,False,6035183.49
2025-08-25 00:18:16,SOLUSDT,947783441,206.0000,3195.10,2598360735,1756099096145,True,658190.60
2025-08-25 00:18:16,ETHUSDT,2408851023,4708.00,134.558,6267638046,1756099096241,False,633499.06
2025-08-25 00:18:16,ETHUSDT,2408851024,4708.00,325.639,6267638058,1756099096405,False,1533108.41
2025-08-25 00:19:00,BTCUSDT,2832708317,112576.00,5.452,6582085976,1756099140695,True,613764.35
2025-08-25 00:21:33,BTCUSDT,2832710144,112539.40,26.706,6582090145,1756099293193,True,3005477.22
2025-08-25 00:22:19,ETHUSDT,2408858009,4710.00,114.413,6267655498,1756099339428,True,538885.23
2025-08-25 00:23:01,ETHUSDT,2408859229,4708.17,107.294,6267658541,1756099381147,False,505158.39
2025-08-25 00:23:24,BTCUSDT,2832711028,112515.60,8.000,6582092119,1756099404938,False,900124.80
2025-08-25 00:23:58,BTCUSDT,2832711277,112523.00,11.715,6582092745,1756099438872,False,1318206.95
2025-08-25 00:24:20,BTCUSDT,2832711387,112514.60,8.895,6582093108,1756099460896,True,1000817.37
2025-08-25 00:24:35,BTCUSDT,2832711439,112512.50,5.775,6582093247,1756099475926,False,649759.69
2025-08-25 00:25:10,BTCUSDT,2832711865,112461.60,5.062,6582094345,1756099510376,False,569280.62
2025-08-25 00:26:39,ETHUSDT,2408864030,4720.00,106.971,6267668918,1756099599818,False,504903.12
2025-08-25 00:26:45,ETHUSDT,2408864156,4721.00,112.632,6267669369,1756099605723,False,531735.67
2025-08-25 00:26:54,BTCUSDT,2832712616,112523.20,5.808,6582095954,1756099614403,False,653534.75
2025-08-25 00:26:55,BTCUSDT,2832712622,112523.20,9.675,6582096009,1756099615967,False,1088661.96
2025-08-25 00:27:04,ETHUSDT,2408864642,4722.99,140.713,6267670623,1756099624614,True,664586.09
2025-08-25 00:27:23,BTCUSDT,2832712783,112536.00,18.414,6582096411,1756099643419,True,2072237.90
2025-08-25 00:27:40,ETHUSDT,2408865733,4725.01,166.688,6267673606,1756099660712,False,787602.47
2025-08-25 00:27:41,ETHUSDT,2408865861,4725.77,152.461,6267673998,1756099661960,False,720495.62
2025-08-25 00:28:01,ETHUSDT,2408866563,4722.16,133.791,6267675977,1756099681182,True,631782.51
2025-08-25 00:29:20,ETHUSDT,2408868387,4722.55,605.056,6267680271,1756099760043,True,2857407.21
2025-08-25 00:30:25,ETHUSDT,2408869824,4724.72,154.767,6267683412,1756099825216,True,731230.74
2025-08-25 00:30:31,BTCUSDT,2832714134,112559.50,7.875,6582099544,1756099831194,True,886406.06
2025-08-25 00:30:50,ETHUSDT,2408870759,4726.67,210.886,6267685742,1756099850228,True,996788.53
2025-08-25 00:30:58,BTCUSDT,2832714503,112581.60,5.437,6582100333,1756099858708,False,612106.16
2025-08-25 00:31:50,SOLUSDT,947790486,205.5500,3398.77,2598402510,1756099910345,True,698617.17
2025-08-25 00:31:50,ETHUSDT,2408873101,4722.00,109.188,6267691750,1756099910681,True,515585.74
2025-08-25 00:31:55,ETHUSDT,2408873179,4721.45,757.271,6267691954,1756099915185,True,3575417.16
2025-08-25 00:32:12,ETHUSDT,2408873719,4720.15,122.064,6267693345,1756099932293,True,576160.39
2025-08-25 00:33:10,BTCUSDT,2832715857,112533.70,5.173,6582103465,1756099990671,False,582136.83
2025-08-25 00:33:22,BTCUSDT,2832715940,112544.10,5.528,6582103662,1756100002684,False,622143.78
2025-08-25 00:33:30,ETHUSDT,2408875683,4726.79,108.040,6267698547,1756100010198,True,510682.39
2025-08-25 00:33:39,BTCUSDT,2832716083,112552.20,8.313,6582104082,1756100019995,True,935646.44
2025-08-25 00:34:20,BTCUSDT,2832716586,112544.90,5.453,6582105117,1756100060796,False,613707.34
2025-08-25 00:34:39,BTCUSDT,2832716673,112550.00,30.841,6582105311,1756100079668,True,3471154.55
2025-08-25 00:35:09,BTCUSDT,2832717030,112490.10,6.336,6582106154,1756100109961,False,712737.27
2025-08-25 00:35:12,BTCUSDT,2832717103,112490.10,8.461,6582106344,1756100112869,True,951778.74
2025-08-25 00:35:15,BTCUSDT,2832717166,112475.80,8.378,6582106501,1756100115080,False,942322.25
2025-08-25 00:35:25,BTCUSDT,2832717476,112489.00,15.639,6582107247,1756100125583,True,1759215.47
2025-08-25 00:35:29,SOLUSDT,947792626,205.0000,6487.35,2598416407,1756100129528,True,1329906.75
2025-08-25 00:35:33,BTCUSDT,2832717625,112464.80,7.180,6582107516,1756100133177,False,807497.26
2025-08-25 00:35:36,BTCUSDT,2832717832,112489.60,9.022,6582108116,1756100136855,True,1014881.17
2025-08-25 00:35:47,SOLUSDT,947793086,204.9600,2503.06,2598419398,1756100147362,False,513027.18
2025-08-25 00:36:00,ETHUSDT,2408879001,4713.89,107.485,6267706385,1756100160193,False,506672.47
2025-08-25 00:36:00,BTCUSDT,2832718098,112490.40,10.611,6582108664,1756100160140,False,1193635.63
2025-08-25 00:36:09,ETHUSDT,2408879496,4719.23,110.620,6267707467,1756100169065,True,522041.22
2025-08-25 00:36:15,BTCUSDT,2832718364,112540.90,10.261,6582109259,1756100175037,True,1154782.17
2025-08-25 00:37:08,BTCUSDT,2832718695,112500.10,12.351,6582110131,1756100228567,False,1389488.74
2025-08-25 00:37:06,ETHUSDT,2408880710,4720.97,201.552,6267710052,1756100226274,False,951520.95
2025-08-25 00:37:22,ETHUSDT,2408881088,4717.38,106.242,6267710836,1756100242002,True,501183.89
2025-08-25 00:46:29,BTCUSDT,2832723888,112575.60,9.167,6582124099,1756100789065,False,1031980.53
2025-08-25 00:46:35,BTCUSDT,2832723929,112581.70,11.611,6582124255,1756100795661,True,1307186.12
2025-08-25 00:46:44,BTCUSDT,2832724038,112566.00,10.198,6582124530,1756100804875,False,1147948.07
2025-08-25 00:46:56,ETHUSDT,2408892899,4722.43,151.239,6267740207,1756100816446,False,714215.59
2025-08-25 00:47:13,ETHUSDT,2408893471,4723.33,164.084,6267741488,1756100833795,False,775022.88
2025-08-25 00:47:25,BTCUSDT,2832724524,112544.50,11.081,6582125577,1756100845698,False,1247105.60
2025-08-25 13:59:06,BTCUSDT,2833686307,112368.70,12.578,6584319097,1756148346579,False,1413373.51
2025-08-25 14:02:24,ETHUSDT,2410967559,4568.88,121.437,6273182361,1756148544548,False,554831.08
2025-08-25 14:02:29,BTCUSDT,2833688810,112228.60,9.003,6584324428,1756148549579,True,1010394.09
2025-08-25 14:02:35,ETHUSDT,2410967833,4571.12,241.577,6273183072,1756148555517,True,1104277.46
2025-08-25 14:02:35,ETHUSDT,2410968038,4568.87,2312.257,6273183858,1756148555519,True,10564401.64
2025-08-25 14:02:35,ETHUSDT,2410968039,4568.86,287.634,6273183864,1756148555519,True,1314159.48
2025-08-25 14:02:35,ETHUSDT,2410968040,4568.85,135.339,6273183878,1756148555519,True,618343.59
2025-08-25 14:02:35,ETHUSDT,2410968071,4568.85,289.222,6273183961,1756148555583,True,1321411.93
2025-08-25 14:02:35,ETHUSDT,2410968096,4568.85,191.205,6273184108,1756148555774,True,873586.96
2025-08-25 14:02:39,ETHUSDT,2410968131,4568.85,322.979,6273184291,1756148559123,True,1475642.60
2025-08-25 14:02:47,ETHUSDT,2410968203,4568.86,168.273,6273184486,1756148567933,False,768815.78
2025-08-25 14:02:57,ETHUSDT,2410968323,4568.85,172.038,6273185043,1756148577508,True,786015.82
2025-08-25 14:02:57,ETHUSDT,2410968327,4568.85,843.611,6273185062,1756148577856,True,3854332.12
2025-08-25 14:03:00,ETHUSDT,2410968341,4568.86,116.968,6273185145,1756148580067,False,534410.42
2025-08-25 14:03:06,ETHUSDT,2410968466,4568.85,125.397,6273185616,1756148586878,True,572920.08
2025-08-25 14:03:06,ETHUSDT,2410968467,4568.85,691.522,6273185621,1756148586991,True,3159460.29
2025-08-25 14:03:08,ETHUSDT,2410968485,4568.85,1332.980,6273185691,1756148588718,True,6090185.67
2025-08-25 14:03:09,ETHUSDT,2410968494,4568.85,434.313,6273185793,1756148589726,True,1984310.95
2025-08-25 14:03:11,ETHUSDT,2410968505,4568.85,768.199,6273185820,1756148591281,True,3509786.00
2025-08-25 14:03:12,ETHUSDT,2410968514,4568.85,375.208,6273185921,1756148592408,True,1714269.07
2025-08-25 14:03:18,ETHUSDT,2410968595,4568.85,948.661,6273186361,1756148598948,True,4334289.81
2025-08-25 14:03:24,ETHUSDT,2410968657,4568.85,11493.562,6273186685,1756148604958,True,52512360.74
2025-08-25 14:03:25,ETHUSDT,2410968658,4568.85,1540.351,6273186767,1756148605059,True,7037632.67
2025-08-25 14:03:25,ETHUSDT,2410968659,4568.85,1008.553,6273186975,1756148605160,True,4607927.37
2025-08-25 14:03:25,ETHUSDT,2410968660,4568.85,177.972,6273187124,1756148605263,True,813127.37
2025-08-25 14:03:25,ETHUSDT,2410968667,4568.86,172.448,6273187220,1756148605600,False,787890.77
2025-08-25 14:03:25,ETHUSDT,2410968669,4568.86,352.042,6273187275,1756148605602,False,1608430.61
2025-08-25 14:03:25,ETHUSDT,2410968687,4569.04,212.296,6273187675,1756148605746,True,969988.92
2025-08-25 14:03:25,ETHUSDT,2410968699,4568.85,500.222,6273187762,1756148605781,True,2285439.28
2025-08-25 14:03:25,ETHUSDT,2410968707,4568.85,2911.291,6273187797,1756148605895,True,13301251.89
2025-08-25 14:03:25,ETHUSDT,2410968708,4568.85,270.953,6273187846,1756148605996,True,1237943.61
2025-08-25 14:03:26,ETHUSDT,2410968710,4568.85,849.515,6273187895,1756148606101,True,3881306.61
2025-08-25 14:03:26,ETHUSDT,2410968711,4568.85,134.913,6273187935,1756148606202,True,616397.26
2025-08-25 14:03:26,ETHUSDT,2410968714,4568.85,619.036,6273187976,1756148606356,True,2828282.63
2025-08-25 14:03:26,ETHUSDT,2410968715,4568.85,6342.078,6273188010,1756148606457,True,28976003.07
2025-08-25 14:03:26,ETHUSDT,2410968716,4568.85,1064.462,6273188130,1756148606560,True,4863367.21
2025-08-25 14:03:26,ETHUSDT,2410968717,4568.85,1416.924,6273188262,1756148606661,True,6473713.22
2025-08-25 14:03:26,ETHUSDT,2410968722,4568.85,1784.970,6273188453,1756148606908,True,8155260.18
2025-08-25 14:03:26,ETHUSDT,2410968724,4568.85,3903.035,6273188551,1756148606948,True,17832381.46
2025-08-25 14:03:27,ETHUSDT,2410969260,4566.57,124.551,6273190994,1756148607023,True,568770.86
2025-08-25 14:03:27,SOLUSDT,948301827,195.9100,3011.00,2601795151,1756148607957,False,589885.01
2025-08-25 14:03:28,ETHUSDT,2410970270,4561.13,150.845,6273193725,1756148608806,False,688023.65
2025-08-25 14:03:28,ETHUSDT,2410970277,4561.17,126.936,6273193795,1756148608866,False,578976.68
2025-08-25 14:03:29,BTCUSDT,2833689480,112181.10,5.276,6584326171,1756148609109,True,591867.48
2025-08-25 14:03:29,BTCUSDT,2833689488,112181.10,20.708,6584326214,1756148609279,True,2323046.22
2025-08-25 14:03:30,ETHUSDT,2410971392,4562.80,152.563,6273196395,1756148610533,False,696114.46
2025-08-25 14:03:30,BTCUSDT,2833689609,112160.80,5.000,6584326575,1756148610747,False,560804.00
2025-08-25 14:03:31,ETHUSDT,2410971495,4561.65,187.105,6273196734,1756148611223,False,853507.52
2025-08-25 14:03:34,ETHUSDT,2410971774,4560.49,127.875,6273197781,1756148614041,True,583172.66
2025-08-25 14:03:34,ETHUSDT,2410971813,4560.06,133.936,6273197959,1756148614041,True,610756.20
2025-08-25 14:03:34,ETHUSDT,2410971816,4560.03,118.204,6273197974,1756148614042,True,539013.79
2025-08-25 14:03:35,SOLUSDT,948301979,195.8000,7602.78,2601796495,1756148615168,True,1488624.32
2025-08-25 14:03:35,ETHUSDT,2410971984,4560.00,235.206,6273198751,1756148615317,True,1072539.36
2025-08-25 14:03:37,BTCUSDT,2833689740,112145.60,17.759,6584326978,1756148617875,False,1991593.71
2025-08-25 14:03:40,ETHUSDT,2410972441,4559.00,200.000,6273200537,1756148620045,True,911800.00
2025-08-25 14:03:40,ETHUSDT,2410972482,4559.00,124.136,6273200666,1756148620046,True,565936.02
2025-08-25 14:03:44,ETHUSDT,2410973002,4555.00,298.830,6273202664,1756148624034,True,1361170.65
2025-08-25 14:03:46,ETHUSDT,2410974034,4556.79,151.971,6273205375,1756148626049,True,692499.93
2025-08-25 14:03:46,ETHUSDT,2410974190,4555.00,403.915,6273205760,1756148626060,False,1839832.83
2025-08-25 14:03:47,SOLUSDT,948302196,195.8400,2932.25,2601797987,1756148627603,False,574251.84
2025-08-25 14:03:50,BTCUSDT,2833690164,112190.60,5.380,6584327996,1756148630019,True,603585.43
2025-08-25 14:03:50,BTCUSDT,2833690186,112184.00,12.702,6584328067,1756148630345,False,1424961.17
2025-08-25 14:03:52,ETHUSDT,2410975605,4560.00,360.019,6273209191,1756148632599,True,1641686.64
2025-08-25 14:04:02,ETHUSDT,2410976364,4561.72,173.464,6273212100,1756148642565,False,791294.20
2025-08-25 14:04:09,ETHUSDT,2410976929,4563.36,200.023,6273213539,1756148649025,False,912776.96
2025-08-25 14:04:33,ETHUSDT,2410977679,4566.16,180.040,6273215481,1756148673532,True,822091.45
2025-08-25 14:04:33,ETHUSDT,2410978217,4560.00,126.124,6273217099,1756148673601,False,575125.44
2025-08-25 14:04:33,ETHUSDT,2410978219,4560.00,504.348,6273217103,1756148673604,False,2299826.88
2025-08-25 14:04:33,BTCUSDT,2833691019,112221.90,8.735,6584329774,1756148673581,True,980258.30
2025-08-25 14:04:33,ETHUSDT,2410978231,4560.00,111.720,6273217142,1756148673643,False,509443.20
2025-08-25 14:04:33,ETHUSDT,2410978241,4560.00,188.649,6273217170,1756148673660,False,860239.44
2025-08-25 14:04:33,ETHUSDT,2410978259,4560.00,170.571,6273217202,1756148673687,False,777803.76
2025-08-25 14:04:33,ETHUSDT,2410978263,4560.00,128.875,6273217212,1756148673691,False,587670.00
2025-08-25 14:04:33,ETHUSDT,2410978269,4560.00,183.724,6273217223,1756148673699,False,837781.44
2025-08-25 14:04:36,ETHUSDT,2410979008,4555.22,239.141,6273219280,1756148676758,True,1089339.87
2025-08-25 14:04:36,ETHUSDT,2410979107,4554.02,333.367,6273219543,1756148676759,True,1518159.99
2025-08-25 14:04:36,ETHUSDT,2410979165,4553.40,264.878,6273219723,1756148676760,True,1206095.49
2025-08-25 14:04:48,ETHUSDT,2410979622,4557.52,156.518,6273221084,1756148688556,True,713333.92
2025-08-25 14:04:50,ETHUSDT,2410979740,4556.83,145.771,6273221439,1756148690926,True,664253.67
2025-08-25 14:04:51,ETHUSDT,2410979762,4556.48,271.686,6273221490,1756148691104,False,1237931.83
2025-08-25 14:05:03,ETHUSDT,2410980340,4554.54,130.455,6273223095,1756148703567,False,594162.52
2025-08-25 14:05:04,ETHUSDT,2410980381,4554.56,136.813,6273223233,1756148704199,False,623123.02
2025-08-25 14:05:06,ETHUSDT,2410980723,4554.00,260.192,6273224427,1756148706076,False,1184914.37
2025-08-25 14:05:06,ETHUSDT,2410980784,4554.99,156.865,6273224973,1756148706757,True,714518.51
2025-08-25 14:05:11,ETHUSDT,2410981017,4554.86,240.371,6273225594,1756148711799,False,1094856.25
2025-08-25 14:05:11,ETHUSDT,2410981141,4556.30,365.428,6273226038,1756148711811,False,1664999.60
2025-08-25 14:05:11,ETHUSDT,2410981143,4556.32,2341.636,6273226052,1756148711811,False,10669242.94
2025-08-25 14:05:12,BTCUSDT,2833691735,112170.30,10.663,6584331303,1756148712972,True,1196071.91
2025-08-25 14:05:12,BTCUSDT,2833691799,112159.90,6.070,6584331498,1756148712973,True,680810.59
2025-08-25 14:05:13,BTCUSDT,2833691814,112163.90,17.166,6584331559,1756148713690,False,1925405.51
2025-08-25 14:05:14,ETHUSDT,2410981753,4557.00,496.385,6273227671,1756148714158,True,2262026.44
2025-08-25 14:05:16,ETHUSDT,2410981938,4556.00,329.179,6273228167,1756148716751,False,1499739.52
2025-08-25 14:05:19,ETHUSDT,2410982419,4557.80,220.296,6273229263,1756148719769,False,1004065.11
2025-08-25 14:05:22,ETHUSDT,2410983276,4563.33,231.973,6273231586,1756148722702,True,1058569.35
2025-08-25 14:05:30,ETHUSDT,2410983728,4563.86,132.406,6273232805,1756148730963,False,604282.45
2025-08-25 14:05:32,ETHUSDT,2410983786,4563.86,140.754,6273232979,1756148732700,False,642381.55
2025-08-25 14:05:34,BTCUSDT,2833692305,112191.90,14.275,6584332694,1756148734549,False,1601539.37
2025-08-25 14:05:41,ETHUSDT,2410984063,4563.00,1197.570,6273233645,1756148741474,True,5464511.91
2025-08-25 14:05:58,BTCUSDT,2833692773,112198.90,12.483,6584333667,1756148758426,False,1400578.87
2025-08-25 14:06:06,ETHUSDT,2410984976,4567.16,128.568,6273236215,1756148766110,True,587190.63
2025-08-25 14:06:06,BTCUSDT,2833693081,112252.40,5.989,6584334255,1756148766152,True,672279.62
2025-08-25 14:06:24,ETHUSDT,2410985389,4564.71,169.970,6273237340,1756148784050,True,775863.76
2025-08-25 14:06:39,ETHUSDT,2410985715,4563.00,275.278,6273238214,1756148799128,True,1256093.51
2025-08-25 14:06:42,BTCUSDT,2833693444,112237.20,8.353,6584335117,1756148802399,True,937517.33
2025-08-25 14:06:58,ETHUSDT,2410986226,4562.43,217.811,6273239472,1756148818142,False,993747.44
2025-08-25 14:06:58,ETHUSDT,2410986227,4562.44,147.502,6273239520,1756148818142,False,672969.02
2025-08-25 14:07:02,SOLUSDT,948304090,196.0000,2832.51,2601811391,1756148822452,False,555171.96
2025-08-25 14:07:28,ETHUSDT,2410987186,4566.00,532.812,6273242162,1756148848265,True,2432819.59
2025-08-25 14:07:36,BTCUSDT,2833693955,112254.80,8.605,6584336380,1756148856401,True,965952.55
2025-08-25 14:07:36,BTCUSDT,2833693961,112253.20,8.714,6584336444,1756148856401,True,978174.38
2025-08-25 14:07:42,ETHUSDT,2410987649,4567.00,390.747,6273243658,1756148862513,True,1784541.55
2025-08-25 14:07:46,BTCUSDT,2833694144,112213.50,11.817,6584336839,1756148866575,True,1326026.93
2025-08-25 14:08:04,ETHUSDT,2410988113,4568.00,381.661,6273244916,1756148884668,True,1743427.45
2025-08-25 14:08:20,ETHUSDT,2410988516,4569.11,218.585,6273246297,1756148900425,False,998738.91
2025-08-25 14:08:20,ETHUSDT,2410988563,4569.71,139.155,6273246436,1756148900499,False,635898.00
2025-08-25 14:08:36,ETHUSDT,2410988871,4568.93,136.809,6273247578,1756148916210,False,625070.74
2025-08-25 14:08:39,ETHUSDT,2410988927,4569.68,174.791,6273247735,1756148919772,True,798738.94
2025-08-25 14:08:39,ETHUSDT,2410989013,4568.61,129.401,6273248039,1756148919773,True,591182.70
2025-08-25 14:08:44,BTCUSDT,2833694804,112282.80,17.652,6584338340,1756148924331,True,1982015.99
2025-08-25 14:08:53,ETHUSDT,2410989336,4571.01,109.808,6273248920,1756148933051,False,501933.47
2025-08-25 14:09:01,ETHUSDT,2410989592,4568.20,197.463,6273249547,1756148941404,False,902050.48
2025-08-25 14:09:29,ETHUSDT,2410990195,4567.00,289.083,6273251108,1756148969766,True,1320242.06
2025-08-25 14:09:37,BTCUSDT,2833695349,112225.20,5.600,6584339692,1756148977968,True,628461.12
2025-08-25 14:09:40,ETHUSDT,2410990406,4565.01,145.750,6273251697,1756148980707,False,665350.21
2025-08-25 14:09:49,BTCUSDT,2833695667,112250.10,10.526,6584340363,1756148989333,False,1181544.55
2025-08-25 14:09:50,ETHUSDT,2410990678,4565.80,206.159,6273252401,1756148990371,True,941280.76
2025-08-25 14:10:00,ETHUSDT,2410990903,4565.00,134.137,6273253057,1756149000086,True,612335.41
2025-08-25 14:10:10,ETHUSDT,2410991221,4566.00,166.358,6273253878,1756149010138,False,759590.63
2025-08-25 14:10:15,BTCUSDT,2833695922,112275.20,4.657,6584341098,1756149015353,True,522865.61
2025-08-25 14:10:58,ETHUSDT,2410992411,4569.00,405.993,6273257148,1756149058179,True,1854982.02
2025-08-25 14:11:31,ETHUSDT,2410992989,4563.84,113.859,6273258719,1756149091361,False,519634.26
2025-08-25 14:11:50,BTCUSDT,2833696880,112234.90,6.405,6584343423,1756149110640,True,718864.53
2025-08-25 14:12:01,BTCUSDT,2833697172,112249.90,6.347,6584344040,1756149121492,True,712450.12
2025-08-25 14:12:01,BTCUSDT,2833697280,112229.50,5.631,6584344279,1756149121530,False,631964.31
2025-08-25 14:12:08,BTCUSDT,2833697330,112223.20,6.876,6584344452,1756149128489,False,771646.72
2025-08-25 14:12:08,ETHUSDT,2410993559,4562.00,215.188,6273260370,1756149128607,False,981687.66
2025-08-25 14:12:48,ETHUSDT,2410994268,4561.00,109.903,6273262416,1756149168264,True,501267.58
2025-08-25 14:12:50,ETHUSDT,2410994334,4560.01,142.771,6273262603,1756149170720,False,651037.19
2025-08-25 14:13:04,BTCUSDT,2833697809,112222.90,6.025,6584345471,1756149184410,True,676142.97
2025-08-25 14:13:35,SOLUSDT,948306798,195.5000,2872.17,2601827934,1756149215168,False,561509.23
2025-08-25 14:13:37,BTCUSDT,2833698346,112180.10,9.152,6584346817,1756149217940,True,1026672.28
2025-08-25 14:13:24,ETHUSDT,2410994951,4557.49,182.451,6273264333,1756149204567,False,831518.61
2025-08-25 14:14:07,ETHUSDT,2410995814,4559.00,137.971,6273266851,1756149247449,False,629009.79
2025-08-25 14:14:11,ETHUSDT,2410995924,4560.50,218.548,6273267213,1756149251719,True,996688.15
2025-08-25 14:14:15,SOLUSDT,948307046,195.5000,3850.25,2601829227,1756149255499,True,752723.88
2025-08-25 14:14:15,BTCUSDT,2833698476,112180.00,29.876,6584347093,1756149255512,True,3351489.68
2025-08-25 14:14:27,ETHUSDT,2410996274,4558.29,237.049,6273268201,1756149267474,False,1080538.09
2025-08-25 14:15:08,BTCUSDT,2833699463,112130.30,24.203,6584349717,1756149308627,True,2713889.65
2025-08-25 14:15:16,BTCUSDT,2833699553,112138.30,6.585,6584349977,1756149316975,True,738430.71
2025-08-25 14:15:17,ETHUSDT,2410997635,4555.44,119.904,6273271967,1756149317047,False,546215.48
2025-08-25 14:15:20,ETHUSDT,2410997752,4554.26,181.466,6273272328,1756149320088,False,826443.35
2025-08-25 14:15:22,ETHUSDT,2410997855,4554.19,124.500,6273272658,1756149322723,False,566996.65
2025-08-25 14:15:30,BTCUSDT,2833699891,112077.40,6.580,6584350632,1756149330150,False,737469.29
2025-08-25 14:15:30,BTCUSDT,2833699894,112077.40,25.000,6584350676,1756149330707,True,2801935.00
2025-08-25 14:15:32,ETHUSDT,2410998169,4553.16,164.206,6273273632,1756149332951,True,747656.19
2025-08-25 14:15:33,BTCUSDT,2833699914,112077.30,6.442,6584350783,1756149333544,True,722001.97
2025-08-25 14:15:40,BTCUSDT,2833700057,112069.80,10.365,6584351162,1756149340944,True,1161603.48
2025-08-25 14:15:40,BTCUSDT,2833700161,112054.30,4.721,6584351421,1756149340955,False,529008.35
2025-08-25 14:15:43,BTCUSDT,2833700262,112057.80,15.277,6584351645,1756149343470,True,1711907.01
2025-08-25 14:15:43,BTCUSDT,2833700297,112050.00,11.711,6584351759,1756149343851,True,1312217.55
2025-08-25 14:15:44,ETHUSDT,2410998849,4551.25,235.587,6273275701,1756149344688,False,1072215.33
2025-08-25 14:15:46,ETHUSDT,2410999002,4550.00,1084.605,6273276591,1756149346290,True,4934952.75
2025-08-25 14:15:49,ETHUSDT,2411000123,4545.37,235.238,6273281311,1756149349046,True,1069243.75
2025-08-25 14:15:49,ETHUSDT,2411000272,4544.91,135.767,6273281937,1756149349054,True,617048.80
2025-08-25 14:15:50,ETHUSDT,2411000588,4545.00,255.581,6273282774,1756149350062,False,1161615.65
2025-08-25 14:15:51,ETHUSDT,2411001208,4544.44,110.582,6273284669,1756149351202,True,502533.26
2025-08-25 14:15:51,ETHUSDT,2411001209,4544.43,123.671,6273284691,1756149351202,True,562014.20
2025-08-25 14:15:51,ETHUSDT,2411001360,4544.35,118.970,6273285061,1756149351466,True,540641.32
2025-08-25 14:15:51,BTCUSDT,2833700615,112006.00,20.872,6584352644,1756149351675,False,2337789.23
2025-08-25 14:15:52,BTCUSDT,2833700640,112009.30,22.789,6584352783,1756149352521,True,2552579.94
2025-08-25 14:15:53,ETHUSDT,2411001531,4545.00,160.020,6273285663,1756149353021,False,727290.90
2025-08-25 14:15:54,ETHUSDT,2411001809,4546.97,154.437,6273286325,1756149354080,True,702220.41
2025-08-25 14:15:54,ETHUSDT,2411001970,4544.65,112.578,6273286640,1756149354212,True,511627.61
2025-08-25 14:15:54,ETHUSDT,2411001975,4544.59,130.528,6273286654,1756149354212,True,593196.24
2025-08-25 14:15:55,ETHUSDT,2411002296,4542.00,119.358,6273287404,1756149355663,True,542124.04
2025-08-25 14:15:58,BTCUSDT,2833700811,112007.50,5.011,6584353231,1756149358102,True,561269.58
2025-08-25 14:15:58,ETHUSDT,2411003107,4540.00,609.972,6273289628,1756149358211,True,2769272.88
2025-08-25 14:15:58,BTCUSDT,2833700847,112000.00,15.968,6584353362,1756149358221,True,1788416.00
2025-08-25 14:15:58,BTCUSDT,2833700849,112000.00,4.668,6584353764,1756149358256,True,522816.00
2025-08-25 14:15:59,BTCUSDT,2833701202,111963.20,5.121,6584354804,1756149359050,True,573363.55
2025-08-25 14:15:59,ETHUSDT,2411003540,4538.00,119.744,6273291349,1756149359053,True,543398.27
2025-08-25 14:15:59,BTCUSDT,2833701289,111959.00,18.787,6584355228,1756149359595,True,2103373.73
2025-08-25 14:15:59,SOLUSDT,948308017,195.0000,7312.77,2601835729,1756149359870,True,1425990.15
2025-08-25 14:15:59,BTCUSDT,2833701331,111951.30,11.536,6584355373,1756149359933,False,1291470.20
2025-08-25 14:16:00,BTCUSDT,2833701334,111951.30,6.363,6584355425,1756149360075,True,712346.12
2025-08-25 14:16:00,ETHUSDT,2411003701,4537.00,130.519,6273291932,1756149360108,True,592164.70
2025-08-25 14:16:00,ETHUSDT,2411004052,4535.83,150.045,6273292906,1756149360945,True,680578.61
2025-08-25 14:16:01,ETHUSDT,2411004177,4536.35,135.510,6273293355,1756149361303,False,614720.79
2025-08-25 14:16:01,ETHUSDT,2411004297,4535.00,351.801,6273293742,1756149361396,True,1595417.53
2025-08-25 14:16:01,ETHUSDT,2411004389,4534.00,115.488,6273294094,1756149361397,True,523622.59
2025-08-25 14:16:02,ETHUSDT,2411004879,4537.06,186.659,6273295648,1756149362082,True,846883.08
2025-08-25 14:16:02,ETHUSDT,2411004883,4537.03,266.222,6273295691,1756149362118,True,1207857.20
2025-08-25 14:16:02,ETHUSDT,2411004894,4536.96,128.189,6273295734,1756149362247,False,581588.37
2025-08-25 14:16:02,SOLUSDT,948308437,194.7000,6166.24,2601839156,1756149362298,True,1200566.93
2025-08-25 14:16:03,ETHUSDT,2411005317,4539.47,140.978,6273296827,1756149363414,False,639965.40
2025-08-25 14:16:03,ETHUSDT,2411005318,4539.46,345.822,6273296848,1756149363415,True,1569845.14
2025-08-25 14:16:03,BTCUSDT,2833701784,111938.60,10.215,6584356793,1756149363472,True,1143452.80
2025-08-25 14:16:03,BTCUSDT,2833701791,111938.70,10.862,6584356842,1756149363489,False,1215878.16
2025-08-25 14:16:03,BTCUSDT,2833701799,111938.70,4.909,6584356897,1756149363530,True,549507.08
2025-08-25 14:16:04,ETHUSDT,2411005687,4540.75,123.917,6273297953,1756149364890,True,562676.12
2025-08-25 14:16:04,BTCUSDT,2833701876,111941.70,9.160,6584357185,1756149364894,True,1025385.97
2025-08-25 14:16:05,ETHUSDT,2411005766,4539.69,478.783,6273298120,1756149365244,True,2173526.40
2025-08-25 14:16:05,BTCUSDT,2833702114,111888.00,5.346,6584357851,1756149365784,True,598153.25
2025-08-25 14:16:05,BTCUSDT,2833702174,111875.00,10.028,6584358015,1756149365915,True,1121882.50
2025-08-25 14:16:06,ETHUSDT,2411006059,4536.30,287.477,6273298794,1756149366109,True,1304081.92
2025-08-25 14:16:06,ETHUSDT,2411006083,4536.42,129.310,6273298889,1756149366174,False,586604.47
2025-08-25 14:16:06,BTCUSDT,2833702189,111883.00,9.560,6584358084,1756149366252,False,1069601.48
2025-08-25 14:16:07,BTCUSDT,2833702339,111883.00,8.878,6584358586,1756149367543,True,993297.27
2025-08-25 14:16:08,BTCUSDT,2833702492,111886.10,13.121,6584359104,1756149368327,False,1468057.52
2025-08-25 14:16:08,BTCUSDT,2833702493,111886.10,12.839,6584359161,1756149368334,True,1436505.64
2025-08-25 14:16:09,BTCUSDT,2833702530,111875.00,5.035,6584359296,1756149369001,True,563290.62
2025-08-25 14:16:10,SOLUSDT,948309950,194.0000,3336.82,2601850670,1756149370604,True,647343.08
2025-08-25 14:16:11,ETHUSDT,2411007534,4532.22,132.065,6273302588,1756149371814,True,598547.63
2025-08-25 14:16:12,BTCUSDT,2833702754,111850.10,11.060,6584360030,1756149372052,True,1237062.11
2025-08-25 14:16:13,ETHUSDT,2411007790,4532.88,127.298,6273303398,1756149373072,False,577026.56
2025-08-25 14:16:13,BTCUSDT,2833702802,111846.10,5.964,6584360211,1756149373262,True,667050.14
2025-08-25 14:16:13,LINKUSDT,497527263,24.000,36979.50,1379319619,1756149373267,True,887508.00
2025-08-25 14:16:13,BTCUSDT,2833702915,111863.50,21.575,6584360476,1756149373559,True,2413455.01
2025-08-25 14:16:13,ETHUSDT,2411008036,4532.99,127.229,6273304123,1756149373585,True,576727.78
2025-08-25 14:16:13,BTCUSDT,2833702916,111862.80,9.128,6584360596,1756149373574,True,1021083.64
2025-08-25 14:16:13,ETHUSDT,2411008219,4532.22,370.087,6273304547,1756149373982,False,1677315.70
2025-08-25 14:16:14,BTCUSDT,2833702930,111857.00,9.909,6584360743,1756149374024,False,1108391.01
2025-08-25 14:16:14,ETHUSDT,2411008305,4532.79,161.697,6273304854,1756149374387,True,732938.54
2025-08-25 14:16:14,ETHUSDT,2411008441,4531.00,137.654,6273305158,1756149374388,True,623710.27
2025-08-25 14:16:14,ETHUSDT,2411008515,4530.20,533.495,6273305419,1756149374389,True,2416839.05
2025-08-25 14:16:14,ETHUSDT,2411008532,4530.00,559.514,6273305470,1756149374389,True,2534598.42
2025-08-25 14:16:14,ETHUSDT,2411008712,4528.00,779.443,6273306492,1756149374392,True,3529317.90
2025-08-25 14:16:14,ETHUSDT,2411008792,4527.00,265.403,6273307004,1756149374394,True,1201479.38
2025-08-25 14:16:14,BTCUSDT,2833702940,111857.00,4.985,6584360866,1756149374419,True,557607.15
2025-08-25 14:16:14,BTCUSDT,2833702942,111857.00,5.444,6584360871,1756149374472,True,608949.51
2025-08-25 14:16:14,ETHUSDT,2411008925,4526.00,112.424,6273307368,1756149374516,True,508831.02
2025-08-25 14:16:14,ETHUSDT,2411008979,4527.00,203.892,6273307511,1756149374607,True,923019.08
2025-08-25 14:16:14,ETHUSDT,2411008980,4526.99,236.219,6273307535,1756149374627,True,1069361.05
2025-08-25 14:16:14,ETHUSDT,2411008997,4526.99,123.919,6273307597,1756149374754,True,560980.07
2025-08-25 14:16:16,ETHUSDT,2411009625,4529.39,125.707,6273309077,1756149376429,True,569376.03
2025-08-25 14:16:18,ETHUSDT,2411010476,4532.24,136.013,6273310941,1756149378979,False,616443.56
2025-08-25 14:16:19,ETHUSDT,2411010591,4530.57,214.282,6273311238,1756149379576,False,970819.60
2025-08-25 14:16:19,BTCUSDT,2833703419,111839.50,17.047,6584362039,1756149379811,False,1906527.96
2025-08-25 14:16:21,ETHUSDT,2411010994,4527.72,156.798,6273312356,1756149381325,False,709937.44
2025-08-25 14:16:22,BTCUSDT,2833703718,111823.10,6.156,6584362837,1756149382118,True,688383.00
2025-08-25 14:16:24,BTCUSDT,2833703840,111829.90,10.163,6584363172,1756149384433,True,1136527.27
2025-08-25 14:16:24,BTCUSDT,2833703844,111829.90,7.001,6584363192,1756149384515,True,782921.13
2025-08-25 14:16:25,BTCUSDT,2833704001,111800.00,7.550,6584363568,1756149385298,True,844090.00
2025-08-25 14:16:25,ETHUSDT,2411012336,4525.10,275.055,6273315422,1756149385806,True,1244651.38
2025-08-25 14:16:25,BTCUSDT,2833704212,111773.30,7.745,6584364208,1756149385777,False,865684.21
2025-08-25 14:16:26,BTCUSDT,2833704224,111773.20,5.752,6584364271,1756149386045,True,642919.45
2025-08-25 14:16:26,ETHUSDT,2411012369,4525.00,736.871,6273315570,1756149386178,True,3334341.27
2025-08-25 14:16:26,ETHUSDT,2411012550,4523.00,125.280,6273316417,1756149386181,True,566641.44
2025-08-25 14:16:26,ETHUSDT,2411012642,4522.00,199.516,6273316725,1756149386182,True,902211.35
2025-08-25 14:16:26,ETHUSDT,2411012754,4521.22,192.905,6273317107,1756149386271,True,872165.94
2025-08-25 14:16:26,ETHUSDT,2411012762,4521.22,151.420,6273317142,1756149386291,True,684603.13
2025-08-25 14:16:26,BTCUSDT,2833704391,111745.20,8.615,6584364768,1756149386663,True,962684.90
2025-08-25 14:16:27,ETHUSDT,2411012943,4522.00,446.497,6273317767,1756149387049,False,2019059.43
2025-08-25 14:16:27,ETHUSDT,2411012945,4522.00,327.575,6273317781,1756149387067,False,1481294.15
2025-08-25 14:16:27,ETHUSDT,2411012949,4522.00,2121.932,6273317795,1756149387099,False,9595376.50
2025-08-25 14:16:27,BTCUSDT,2833704420,111745.20,4.999,6584364936,1756149387120,True,558614.25
2025-08-25 14:16:27,BTCUSDT,2833704775,111742.90,7.438,6584365871,1756149387180,True,831143.69
2025-08-25 14:16:27,ETHUSDT,2411013160,4521.48,252.084,6273318229,1756149387376,True,1139792.76
2025-08-25 14:16:27,BTCUSDT,2833704791,111731.80,20.392,6584366000,1756149387393,False,2278434.87
2025-08-25 14:16:28,BTCUSDT,2833704848,111743.30,10.393,6584366234,1756149388033,True,1161348.12
2025-08-25 14:16:28,BTCUSDT,2833704874,111731.80,6.570,6584366332,1756149388033,True,734077.93
2025-08-25 14:16:28,BTCUSDT,2833704961,111728.20,8.811,6584366538,1756149388263,False,984437.17
2025-08-25 14:16:28,ETHUSDT,2411013746,4520.55,119.231,6273319449,1756149388607,True,538989.70
2025-08-25 14:16:28,BTCUSDT,2833704968,111728.20,4.817,6584366619,1756149388739,True,538194.74
2025-08-25 14:16:28,ETHUSDT,2411013801,4520.00,176.814,6273319600,1756149388752,True,799199.28
2025-08-25 14:16:28,ETHUSDT,2411013803,4520.00,496.406,6273319981,1756149388755,True,2243755.12
2025-08-25 14:16:28,ETHUSDT,2411013805,4520.00,182.514,6273320242,1756149388768,True,824963.28
2025-08-25 14:16:28,ETHUSDT,2411013807,4520.00,395.016,6273320348,1756149388776,True,1785472.32
2025-08-25 14:16:28,ETHUSDT,2411013809,4520.00,436.181,6273320514,1756149388794,True,1971538.12
2025-08-25 14:16:28,ETHUSDT,2411014034,4518.00,187.532,6273321277,1756149388964,True,847269.58
2025-08-25 14:16:29,ETHUSDT,2411014441,4518.26,147.321,6273322555,1756149389545,True,665634.58
2025-08-25 14:16:29,ETHUSDT,2411014503,4518.30,118.646,6273322727,1756149389682,False,536078.22
2025-08-25 14:16:29,BTCUSDT,2833705274,111719.40,4.673,6584367372,1756149389981,False,522064.76
2025-08-25 14:16:30,BTCUSDT,2833705301,111721.70,6.292,6584367432,1756149390056,True,702952.94
2025-08-25 14:16:30,ETHUSDT,2411014764,4521.26,134.770,6273323258,1756149390059,True,609330.21
2025-08-25 14:16:31,BTCUSDT,2833705577,111762.00,14.854,6584368131,1756149391167,True,1660112.75
2025-08-25 14:16:31,ETHUSDT,2411015618,4525.69,263.950,6273325156,1756149391320,True,1194555.88
2025-08-25 14:16:31,BTCUSDT,2833705634,111762.10,7.939,6584368318,1756149391458,False,887279.31
2025-08-25 14:16:31,BTCUSDT,2833705637,111762.10,8.119,6584368365,1756149391503,True,907396.49
2025-08-25 14:16:31,BTCUSDT,2833705644,111762.10,4.510,6584368428,1756149391574,True,504047.07
2025-08-25 14:16:31,ETHUSDT,2411015840,4525.26,110.634,6273325541,1756149391690,False,500647.61
2025-08-25 14:16:32,BTCUSDT,2833705673,111753.50,5.784,6584368541,1756149392387,False,646382.24
2025-08-25 14:16:33,ETHUSDT,2411016249,4524.84,120.382,6273326444,1756149393369,False,544709.29
2025-08-25 14:16:33,BTCUSDT,2833705890,111706.50,14.000,6584369060,1756149393851,False,1563891.00
2025-08-25 14:16:34,BTCUSDT,2833705896,111706.50,5.325,6584369110,1756149394046,False,594837.11
2025-08-25 14:16:34,ETHUSDT,2411016450,4524.31,130.498,6273326963,1756149394966,True,590413.41
2025-08-25 14:16:35,ETHUSDT,2411016614,4526.78,147.281,6273327274,1756149395603,True,666708.69
2025-08-25 14:16:36,BTCUSDT,2833706102,111764.10,12.008,6584369595,1756149396331,True,1342063.31
2025-08-25 14:16:37,BTCUSDT,2833706117,111761.50,4.541,6584369695,1756149397207,False,507508.97
2025-08-25 14:16:41,ETHUSDT,2411017765,4533.23,137.044,6273330044,1756149401422,True,621251.97
2025-08-25 14:16:42,BTCUSDT,2833706476,111823.20,5.149,6584370493,1756149402322,False,575777.66
2025-08-25 14:16:44,BTCUSDT,2833706535,111830.90,5.068,6584370766,1756149404574,True,566759.00
2025-08-25 14:16:44,BTCUSDT,2833706537,111830.90,4.506,6584370796,1756149404698,True,503910.04
2025-08-25 14:16:44,BTCUSDT,2833706556,111823.20,19.463,6584370870,1756149404895,True,2176414.94
2025-08-25 14:16:44,BTCUSDT,2833706561,111821.80,19.965,6584370929,1756149404909,True,2232522.24
2025-08-25 14:16:45,ETHUSDT,2411018461,4527.21,185.412,6273331622,1756149405756,False,839399.06
2025-08-25 14:16:49,ETHUSDT,2411018705,4528.00,1503.194,6273332237,1756149409189,False,6806462.43
2025-08-25 14:16:52,BTCUSDT,2833706848,111829.60,16.177,6584371638,1756149412941,True,1809067.44
2025-08-25 14:16:54,BTCUSDT,2833706968,111801.20,11.771,6584371909,1756149414886,True,1316011.93
2025-08-25 14:16:55,BTCUSDT,2833706973,111801.20,6.663,6584371954,1756149415064,True,744931.40
2025-08-25 14:16:55,BTCUSDT,2833706977,111800.80,15.193,6584371977,1756149415148,True,1698589.55
2025-08-25 14:16:55,BTCUSDT,2833706992,111796.30,14.003,6584372031,1756149415341,False,1565483.59
2025-08-25 14:16:56,ETHUSDT,2411019068,4525.00,119.122,6273333232,1756149416940,True,539027.05
2025-08-25 14:16:58,ETHUSDT,2411019166,4524.27,142.410,6273333501,1756149418336,False,644301.29
2025-08-25 14:17:00,ETHUSDT,2411019365,4523.53,159.860,6273333998,1756149420587,False,723131.51
2025-08-25 14:17:01,BTCUSDT,2833707213,111783.90,12.635,6584372600,1756149421099,True,1412389.58
2025-08-25 14:17:02,ETHUSDT,2411019771,4523.74,170.596,6273334885,1756149422596,False,771731.95
2025-08-25 14:17:03,ETHUSDT,2411019898,4522.71,247.966,6273335164,1756149423689,False,1121478.31
2025-08-25 14:17:07,BTCUSDT,2833707532,111750.00,6.784,6584373539,1756149427473,False,758112.00
2025-08-25 14:17:07,BTCUSDT,2833707548,111752.10,14.928,6584373581,1756149427768,True,1668235.35
2025-08-25 14:17:07,ETHUSDT,2411020601,4523.46,169.654,6273336812,1756149427767,True,767423.08
2025-08-25 14:17:07,BTCUSDT,2833707553,111750.00,6.508,6584373658,1756149427769,True,727269.00
2025-08-25 14:17:07,BTCUSDT,2833707558,111747.20,8.245,6584373674,1756149427769,True,921355.66
2025-08-25 14:17:07,BTCUSDT,2833707918,111696.20,5.766,6584374402,1756149427983,False,644040.29
2025-08-25 14:17:08,BTCUSDT,2833708056,111721.20,4.538,6584374789,1756149428810,True,506990.81
2025-08-25 14:17:08,SOLUSDT,948315623,193.0000,3656.91,2601888265,1756149428902,True,705783.63
2025-08-25 14:17:10,ETHUSDT,2411021392,4521.35,247.621,6273338668,1756149430932,False,1119581.21
2025-08-25 14:17:12,SOLUSDT,948316502,192.8600,2897.76,2601893656,1756149432148,True,558861.99
2025-08-25 14:17:12,SOLUSDT,948316503,192.8500,4240.29,2601893699,1756149432148,True,817739.93
2025-08-25 14:17:12,SOLUSDT,948316561,192.6400,2960.45,2601894339,1756149432153,True,570301.09
2025-08-25 14:17:12,SOLUSDT,948316565,192.6000,5474.19,2601894450,1756149432153,True,1054328.99
2025-08-25 14:17:12,SOLUSDT,948316567,192.5800,2881.75,2601894544,1756149432153,True,554967.42
2025-08-25 14:17:12,BTCUSDT,2833708271,111696.00,6.403,6584375435,1756149432189,True,715189.49
2025-08-25 14:17:14,BTCUSDT,2833708317,111691.70,5.016,6584375649,1756149434944,True,560245.57
2025-08-25 14:17:19,BTCUSDT,2833708507,111725.70,8.004,6584376190,1756149439055,True,894252.50
2025-08-25 14:17:19,BTCUSDT,2833708515,111725.70,8.003,6584376232,1756149439554,True,894140.78
2025-08-25 14:17:21,ETHUSDT,2411023518,4532.42,149.633,6273344867,1756149441204,True,678199.60
2025-08-25 14:17:23,BTCUSDT,2833708690,111756.80,15.661,6584376691,1756149443325,True,1750223.24
2025-08-25 14:17:25,ETHUSDT,2411024104,4532.39,114.702,6273346234,1756149445056,True,519874.20
2025-08-25 14:17:26,BTCUSDT,2833708771,111742.40,7.914,6584376886,1756149446018,True,884329.35
2025-08-25 14:17:26,BTCUSDT,2833708773,111742.50,7.088,6584376912,1756149446402,False,792030.84
2025-08-25 14:17:26,ETHUSDT,2411024531,4535.28,123.242,6273347325,1756149446693,True,558936.98
2025-08-25 14:17:27,BTCUSDT,2833708829,111756.80,5.848,6584377111,1756149447625,False,653553.77
2025-08-25 14:17:28,BTCUSDT,2833708868,111761.30,13.326,6584377233,1756149448142,True,1489331.08
2025-08-25 14:17:30,BTCUSDT,2833708960,111779.50,8.784,6584377502,1756149450828,True,981871.13
2025-08-25 14:17:36,ETHUSDT,2411025739,4529.00,129.805,6273350023,1756149456000,False,587886.85
2025-08-25 14:17:36,ETHUSDT,2411025794,4529.00,148.375,6273350174,1756149456057,False,671990.38
2025-08-25 14:17:36,ETHUSDT,2411025796,4529.00,186.716,6273350180,1756149456061,False,845636.76
2025-08-25 14:17:36,BTCUSDT,2833709498,111781.00,4.546,6584378716,1756149456789,False,508156.43
2025-08-25 14:17:40,ETHUSDT,2411026487,4524.00,111.265,6273352183,1756149460481,True,503362.86
2025-08-25 14:17:40,ETHUSDT,2411026544,4523.26,280.945,6273352341,1756149460481,True,1270787.28
2025-08-25 14:17:40,ETHUSDT,2411026598,4522.59,200.115,6273352464,1756149460482,True,905038.10
2025-08-25 14:17:40,ETHUSDT,2411026603,4522.52,110.788,6273352480,1756149460482,True,501040.95
2025-08-25 14:17:40,ETHUSDT,2411026628,4522.24,129.400,6273352536,1756149460482,True,585177.86
2025-08-25 14:17:40,ETHUSDT,2411026649,4522.00,159.379,6273352591,1756149460529,False,720711.84
2025-08-25 14:17:40,ETHUSDT,2411026653,4522.00,133.538,6273352609,1756149460548,False,603858.84
2025-08-25 14:17:40,ETHUSDT,2411026655,4522.00,229.512,6273352613,1756149460554,False,1037853.26
2025-08-25 14:17:40,ETHUSDT,2411026661,4522.00,480.660,6273352636,1756149460577,False,2173544.52
2025-08-25 14:17:40,ETHUSDT,2411026689,4522.00,147.640,6273352733,1756149460618,False,667628.08
2025-08-25 14:17:40,ETHUSDT,2411026719,4522.00,158.776,6273352790,1756149460639,False,717985.07
2025-08-25 14:17:44,BTCUSDT,2833709931,111733.50,6.076,6584379672,1756149464264,False,678892.75
2025-08-25 14:17:44,BTCUSDT,2833709976,111744.60,5.023,6584379796,1756149464761,True,561293.13
2025-08-25 14:17:45,ETHUSDT,2411027578,4525.69,227.831,6273354634,1756149465931,True,1031092.48
2025-08-25 14:17:45,ETHUSDT,2411027901,4522.00,857.515,6273355386,1756149465985,False,3877682.83
2025-08-25 14:17:45,ETHUSDT,2411027915,4522.00,164.253,6273355406,1756149465999,False,742752.07
2025-08-25 14:17:46,ETHUSDT,2411028000,4521.17,164.806,6273355734,1756149466902,True,745115.94
2025-08-25 14:17:49,ETHUSDT,2411028203,4520.89,132.561,6273356254,1756149469869,False,599293.70
2025-08-25 14:17:53,ETHUSDT,2411028543,4522.00,113.117,6273357094,1756149473529,False,511515.07
2025-08-25 14:17:53,ETHUSDT,2411028550,4522.00,497.508,6273357118,1756149473907,False,2249731.18
2025-08-25 14:17:53,BTCUSDT,2833710222,111719.90,5.000,6584380319,1756149473983,True,558599.50
2025-08-25 14:17:54,ETHUSDT,2411028558,4522.00,1211.087,6273357150,1756149474361,False,5476535.41
2025-08-25 14:17:54,ETHUSDT,2411028560,4522.00,5616.699,6273357223,1756149474392,False,25398712.88
2025-08-25 14:17:56,BTCUSDT,2833710341,111743.10,12.980,6584380522,1756149476005,True,1450425.44
2025-08-25 14:17:56,BTCUSDT,2833710409,111720.00,8.350,6584380641,1756149476888,False,932862.00
2025-08-25 14:18:04,ETHUSDT,2411029890,4526.80,212.221,6273360261,1756149484054,True,960682.02
2025-08-25 14:18:04,BTCUSDT,2833710631,111761.40,6.527,6584381144,1756149484384,True,729466.66
2025-08-25 14:18:06,BTCUSDT,2833710944,111805.60,5.951,6584381802,1756149486924,True,665355.13
2025-08-25 14:18:11,BTCUSDT,2833711264,111810.60,4.819,6584382425,1756149491496,True,538815.28
2025-08-25 14:18:16,ETHUSDT,2411031424,4526.27,118.122,6273363645,1756149496600,True,534652.06
2025-08-25 14:18:24,ETHUSDT,2411032783,4520.02,131.379,6273366882,1756149504219,True,593835.71
2025-08-25 14:18:24,BTCUSDT,2833711825,111814.80,21.570,6584383629,1756149504253,True,2411845.24
2025-08-25 14:18:24,ETHUSDT,2411032800,4520.00,1624.504,6273367047,1756149504335,False,7342758.08
2025-08-25 14:18:26,ETHUSDT,2411033137,4520.00,198.654,6273368044,1756149506592,False,897916.08
2025-08-25 14:18:26,BTCUSDT,2833712003,111776.70,7.902,6584384069,1756149506987,False,883259.48
2025-08-25 14:18:30,ETHUSDT,2411033824,4519.78,112.458,6273369678,1756149510419,False,508285.42
2025-08-25 14:18:33,ETHUSDT,2411034073,4517.96,114.336,6273370414,1756149513038,True,516565.47
2025-08-25 14:18:35,ETHUSDT,2411035392,4517.41,178.518,6273373851,1756149515440,False,806439.00
2025-08-25 14:18:35,BTCUSDT,2833712354,111764.70,5.922,6584384754,1756149515597,True,661870.55
2025-08-25 14:18:35,ETHUSDT,2411035531,4518.72,113.288,6273374206,1756149515751,False,511916.75
2025-08-25 14:18:36,ETHUSDT,2411035754,4515.00,271.609,6273374678,1756149516241,True,1226314.64
2025-08-25 14:18:36,ETHUSDT,2411036075,4512.00,219.246,6273376059,1756149516341,True,989237.95
2025-08-25 14:18:36,ETHUSDT,2411036166,4511.00,146.406,6273376475,1756149516387,True,660437.47
2025-08-25 14:18:36,ETHUSDT,2411036214,4510.58,130.175,6273376725,1756149516443,True,587164.75
2025-08-25 14:18:36,ETHUSDT,2411036224,4510.50,116.396,6273376788,1756149516454,True,525004.16
2025-08-25 14:18:36,ETHUSDT,2411036271,4510.00,116.136,6273377140,1756149516473,True,523773.36
2025-08-25 14:18:36,ETHUSDT,2411036275,4510.00,176.806,6273377176,1756149516499,True,797395.06
2025-08-25 14:18:36,ETHUSDT,2411036281,4510.00,402.261,6273377270,1756149516526,True,1814197.11
2025-08-25 14:18:38,ETHUSDT,2411036773,4511.28,130.921,6273378536,1756149518026,True,590621.29
2025-08-25 14:18:38,ETHUSDT,2411036790,4511.00,150.012,6273378617,1756149518033,True,676704.13
2025-08-25 14:18:38,ETHUSDT,2411037087,4508.00,344.660,6273379541,1756149518052,True,1553727.28
2025-08-25 14:18:38,BTCUSDT,2833712563,111724.30,7.729,6584385214,1756149518386,False,863517.11
2025-08-25 14:18:39,ETHUSDT,2411038252,4512.28,146.725,6273382517,1756149519320,True,662064.28
2025-08-25 14:18:40,BTCUSDT,2833712689,111731.70,9.866,6584385538,1756149520985,True,1102344.95
2025-08-25 14:18:41,ETHUSDT,2411038900,4507.00,111.259,6273384046,1756149521674,True,501444.31
2025-08-25 14:18:41,ETHUSDT,2411038945,4506.67,118.054,6273384200,1756149521888,True,532030.42
2025-08-25 14:18:41,ETHUSDT,2411039010,4506.00,251.374,6273384513,1756149521977,True,1132691.24
2025-08-25 14:18:42,ETHUSDT,2411039527,4509.98,243.446,6273386040,1756149522967,False,1097936.59
2025-08-25 14:18:42,ETHUSDT,2411039690,4512.06,199.565,6273386412,1756149522968,False,900449.25
2025-08-25 14:18:42,ETHUSDT,2411039753,4512.85,137.859,6273386558,1756149522968,False,622136.99
2025-08-25 14:18:42,ETHUSDT,2411039823,4513.79,263.258,6273386722,1756149522968,False,1188291.33
2025-08-25 14:18:42,BTCUSDT,2833712915,111688.10,18.858,6584385978,1756149522959,False,2106214.19
2025-08-25 14:18:43,ETHUSDT,2411040087,4509.57,290.861,6273387284,1756149523372,True,1311658.04
2025-08-25 14:18:43,ETHUSDT,2411040271,4507.03,123.071,6273387766,1756149523374,True,554684.69
2025-08-25 14:18:43,ETHUSDT,2411040374,4505.60,190.959,6273388027,1756149523375,True,860384.87
2025-08-25 14:18:43,ETHUSDT,2411040427,4505.00,302.316,6273388219,1756149523376,True,1361933.58
2025-08-25 14:18:44,ETHUSDT,2411041096,4508.95,160.473,6273389907,1756149524056,True,723564.73
2025-08-25 14:18:44,BTCUSDT,2833712974,111697.50,5.094,6584386267,1756149524954,True,568987.07
2025-08-25 14:18:45,ETHUSDT,2411041817,4513.94,241.627,6273391476,1756149525199,False,1090689.78
2025-08-25 14:18:45,ETHUSDT,2411041905,4515.00,434.278,6273391702,1756149525199,False,1960765.17
2025-08-25 14:18:45,ETHUSDT,2411041946,4515.53,141.770,6273391818,1756149525200,False,640166.69
2025-08-25 14:18:45,ETHUSDT,2411041949,4515.56,111.158,6273391824,1756149525200,False,501940.62
2025-08-25 14:18:46,ETHUSDT,2411042354,4512.69,186.099,6273392856,1756149526532,True,839807.10
2025-08-25 14:18:48,BTCUSDT,2833713137,111713.90,5.750,6584386619,1756149528075,True,642354.92
2025-08-25 14:18:48,ETHUSDT,2411042773,4512.05,113.238,6273393757,1756149528474,False,510935.52
2025-08-25 14:18:48,BTCUSDT,2833713212,111694.10,4.503,6584386757,1756149528491,False,502958.53
2025-08-25 14:18:48,ETHUSDT,2411042974,4514.43,243.780,6273394245,1756149528476,False,1100527.75
2025-08-25 14:18:48,ETHUSDT,2411043179,4516.97,113.309,6273394702,1756149528477,False,511813.35
2025-08-25 14:18:48,ETHUSDT,2411043189,4517.00,136.934,6273394740,1756149528571,True,618530.88
2025-08-25 14:18:48,ETHUSDT,2411043237,4517.00,123.253,6273394851,1756149528591,True,556733.80
2025-08-25 14:18:48,ETHUSDT,2411043255,4517.00,608.723,6273394895,1756149528605,True,2749601.79
2025-08-25 14:18:48,ETHUSDT,2411043257,4517.00,481.439,6273394906,1756149528619,True,2174659.96
2025-08-25 14:18:51,BTCUSDT,2833713568,111752.40,7.348,6584387468,1756149531032,False,821156.64
2025-08-25 14:18:52,BTCUSDT,2833713665,111771.20,7.255,6584387706,1756149532044,True,810900.06
2025-08-25 14:18:53,ETHUSDT,2411044115,4516.66,111.755,6273397246,1756149533937,False,504759.34
2025-08-25 14:19:01,BTCUSDT,2833713994,111706.50,9.585,6584388378,1756149541644,False,1070706.80
2025-08-25 14:19:01,ETHUSDT,2411045218,4517.00,864.734,6273400027,1756149541734,True,3906003.48
2025-08-25 14:19:01,ETHUSDT,2411045221,4517.00,378.243,6273400037,1756149541748,True,1708523.63
2025-08-25 14:19:04,ETHUSDT,2411045533,4517.00,1752.801,6273400918,1756149544355,True,7917402.12
2025-08-25 14:19:06,BTCUSDT,2833714180,111739.00,18.335,6584388836,1756149546402,True,2048734.57
2025-08-25 14:19:10,BTCUSDT,2833714305,111709.50,5.575,6584389156,1756149550911,True,622780.46
2025-08-25 14:19:11,BTCUSDT,2833714360,111706.00,10.016,6584389293,1756149551343,True,1118847.30
2025-08-25 14:19:17,ETHUSDT,2411046398,4515.79,127.500,6273403170,1756149557787,False,575763.22
2025-08-25 14:19:22,ETHUSDT,2411046570,4516.24,118.391,6273403725,1756149562648,False,534682.17
2025-08-25 14:19:22,ETHUSDT,2411046806,4518.80,222.867,6273404487,1756149562699,False,1007091.40
2025-08-25 14:19:22,ETHUSDT,2411046913,4519.97,215.938,6273404853,1756149562699,False,976033.28
2025-08-25 14:19:22,ETHUSDT,2411046916,4520.00,1324.864,6273404867,1756149562699,False,5988385.28
2025-08-25 14:19:27,ETHUSDT,2411047292,4520.00,1474.173,6273406220,1756149567233,True,6663261.96
2025-08-25 14:19:32,BTCUSDT,2833714933,111738.10,4.955,6584390661,1756149572450,False,553662.29
2025-08-25 14:19:33,ETHUSDT,2411047712,4520.03,147.099,6273407474,1756149573780,False,664891.89
2025-08-25 14:19:49,ETHUSDT,2411048346,4518.14,125.065,6273409261,1756149589175,False,565061.18
2025-08-25 14:19:51,ETHUSDT,2411048450,4518.13,183.259,6273409558,1756149591564,True,827987.99
2025-08-25 14:19:57,ETHUSDT,2411048703,4518.36,127.960,6273410281,1756149597130,True,578169.35
2025-08-25 14:20:00,BTCUSDT,2833715404,111758.00,7.785,6584391832,1756149600684,True,870036.03
2025-08-25 14:20:01,BTCUSDT,2833715414,111758.10,36.081,6584391927,1756149601520,False,4032344.01
2025-08-25 14:20:01,BTCUSDT,2833715416,111758.10,51.639,6584392012,1756149601537,False,5771076.53
2025-08-25 14:20:02,ETHUSDT,2411049083,4518.81,228.226,6273411215,1756149602061,False,1031309.93
2025-08-25 14:20:02,BTCUSDT,2833715564,111776.20,5.012,6584392388,1756149602151,False,560222.31
2025-08-25 14:20:03,ETHUSDT,2411049400,4522.00,266.937,6273412179,1756149603855,False,1207089.11
2025-08-25 14:20:12,ETHUSDT,2411050000,4525.38,113.886,6273414099,1756149612198,True,515377.43
2025-08-25 14:20:17,ETHUSDT,2411050403,4525.39,185.544,6273415084,1756149617350,True,839658.96
2025-08-25 14:20:17,BTCUSDT,2833716342,111896.70,21.044,6584394406,1756149617639,True,2354754.15
2025-08-25 14:20:18,ETHUSDT,2411050617,4523.30,123.772,6273415631,1756149618106,True,559857.89
2025-08-25 14:20:24,BTCUSDT,2833716451,111900.00,5.319,6584394817,1756149624632,False,595196.10
2025-08-25 14:20:31,BTCUSDT,2833716573,111909.90,22.143,6584395171,1756149631239,True,2478020.92
2025-08-25 14:20:31,BTCUSDT,2833716578,111909.10,4.865,6584395277,1756149631248,True,544437.77
2025-08-25 14:20:34,BTCUSDT,2833716658,111900.00,11.821,6584395483,1756149634366,True,1322769.90
2025-08-25 14:20:35,SOLUSDT,948322749,193.9400,2591.61,2601935416,1756149635703,False,502616.84
2025-08-25 14:20:38,ETHUSDT,2411052176,4525.99,139.621,6273419799,1756149638869,True,631923.25
2025-08-25 14:20:42,ETHUSDT,2411052455,4526.47,115.513,6273420490,1756149642958,True,522866.13
2025-08-25 14:20:46,ETHUSDT,2411052642,4527.74,123.761,6273420993,1756149646894,True,560357.63
2025-08-25 14:20:52,BTCUSDT,2833717125,111885.00,15.155,6584396819,1756149652541,False,1695617.17
2025-08-25 14:21:00,ETHUSDT,2411053193,4524.88,232.198,6273423203,1756149660642,True,1050668.09
2025-08-25 14:21:14,BTCUSDT,2833717678,111887.40,19.150,6584398101,1756149674871,True,2142643.71
2025-08-25 14:21:19,ETHUSDT,2411054008,4523.57,188.356,6273425164,1756149679370,False,852041.55
2025-08-25 14:21:30,BTCUSDT,2833718019,111852.00,5.502,6584398958,1756149690918,True,615409.70
2025-08-25 14:21:33,ETHUSDT,2411054434,4523.21,220.683,6273426340,1756149693119,False,998195.55
2025-08-25 14:22:06,BTCUSDT,2833718350,111881.40,84.137,6584399777,1756149726423,False,9413365.35
2025-08-25 14:22:06,BTCUSDT,2833718351,111881.40,5.924,6584399872,1756149726524,False,662785.41
2025-08-25 14:22:15,ETHUSDT,2411056006,4525.64,235.737,6273430691,1756149735301,True,1066860.80
2025-08-25 14:22:16,ETHUSDT,2411056017,4525.64,128.778,6273430779,1756149736271,True,582802.87
2025-08-25 14:22:19,ETHUSDT,2411056153,4526.01,110.751,6273431195,1756149739397,True,501260.13
2025-08-25 14:22:24,BTCUSDT,2833718881,111973.00,6.975,6584401082,1756149744077,True,781011.67
2025-08-25 14:22:24,SOLUSDT,948323984,194.3500,4045.18,2601943062,1756149744507,True,786180.73
2025-08-25 14:22:26,BTCUSDT,2833718897,111973.00,6.969,6584401157,1756149746256,True,780339.84
2025-08-25 14:22:38,ETHUSDT,2411056819,4525.99,161.323,6273433067,1756149758669,True,730146.28
2025-08-25 14:22:47,ETHUSDT,2411057095,4526.00,313.103,6273433693,1756149767282,False,1417104.18
2025-08-25 14:22:47,SOLUSDT,948324262,194.4400,3227.09,2601945008,1756149767361,False,627475.38
2025-08-25 14:22:48,ETHUSDT,2411057243,4525.42,132.972,6273434093,1756149768695,False,601754.15
2025-08-25 14:22:51,ETHUSDT,2411057312,4526.10,218.287,6273434275,1756149771283,True,987988.79
2025-08-25 14:23:09,ETHUSDT,2411058113,4520.00,362.826,6273436465,1756149789550,True,1639973.52
2025-08-25 14:23:15,ETHUSDT,2411058498,4519.76,193.882,6273437411,1756149795059,True,876300.11
2025-08-25 14:23:16,ETHUSDT,2411058529,4519.71,143.378,6273437514,1756149796357,False,648026.98
2025-08-25 14:23:26,ETHUSDT,2411058974,4520.00,851.893,6273438570,1756149806714,True,3850556.36
2025-08-25 14:23:26,ETHUSDT,2411058989,4519.71,232.335,6273438610,1756149806718,True,1050086.82
2025-08-25 14:23:26,BTCUSDT,2833719676,111910.50,5.107,6584403122,1756149806728,True,571526.92
2025-08-25 14:23:26,ETHUSDT,2411059050,4519.00,123.877,6273438771,1756149806731,True,559800.16
2025-08-25 14:23:31,ETHUSDT,2411059948,4520.00,1727.637,6273441100,1756149811493,True,7808919.24
2025-08-25 14:23:31,ETHUSDT,2411059949,4520.00,1002.046,6273441217,1756149811597,True,4529247.92
2025-08-25 14:23:31,ETHUSDT,2411059953,4520.00,1450.641,6273441276,1756149811628,True,6556897.32
2025-08-25 14:23:31,ETHUSDT,2411059954,4520.01,173.140,6273441321,1756149811685,False,782594.53
2025-08-25 14:23:31,ETHUSDT,2411060107,4520.79,162.434,6273441829,1756149811939,True,734330.00
2025-08-25 14:23:39,ETHUSDT,2411060541,4515.89,268.807,6273442910,1756149819514,False,1213902.84
2025-08-25 14:23:42,ETHUSDT,2411060894,4516.60,152.924,6273443798,1756149822081,False,690696.54
2025-08-25 14:23:43,ETHUSDT,2411061258,4517.19,116.417,6273444735,1756149823913,False,525877.71
2025-08-25 14:24:01,ETHUSDT,2411061908,4520.00,143.895,6273446507,1756149841634,True,650405.40
2025-08-25 14:24:03,ETHUSDT,2411062165,4520.28,163.698,6273447125,1756149843178,True,739960.80
2025-08-25 14:24:06,ETHUSDT,2411062274,4520.96,143.805,6273447509,1756149846949,True,650136.65
2025-08-25 14:24:06,ETHUSDT,2411062353,4520.01,138.665,6273447726,1756149846950,True,626767.19
2025-08-25 14:24:06,ETHUSDT,2411062354,4520.00,864.147,6273447731,1756149846968,True,3905944.44
2025-08-25 14:24:07,ETHUSDT,2411062435,4518.98,142.628,6273447921,1756149847653,False,644533.08
2025-08-25 14:24:10,ETHUSDT,2411062542,4520.01,164.752,6273448331,1756149850182,False,744680.69
2025-08-25 14:24:10,ETHUSDT,2411062545,4520.01,2672.462,6273448343,1756149850413,False,12079554.96
2025-08-25 14:24:10,ETHUSDT,2411062699,4520.81,254.615,6273448832,1756149850976,False,1151066.04
2025-08-25 14:24:15,ETHUSDT,2411062769,4521.20,111.979,6273449088,1756149855506,False,506279.45
2025-08-25 14:24:32,ETHUSDT,2411063450,4520.00,242.482,6273450806,1756149872264,True,1096018.64
2025-08-25 14:24:33,BTCUSDT,2833720820,111947.20,5.572,6584405593,1756149873867,True,623769.80
2025-08-25 14:24:47,ETHUSDT,2411063811,4517.50,242.269,6273451899,1756149887207,True,1094450.21
2025-08-25 14:24:50,ETHUSDT,2411064040,4515.01,126.341,6273452531,1756149890021,False,570430.88
2025-08-25 14:24:56,ETHUSDT,2411064194,4514.50,153.834,6273452927,1756149896054,True,694483.59
2025-08-25 14:24:58,ETHUSDT,2411064449,4512.60,110.920,6273453729,1756149898350,True,500537.59
2025-08-25 14:25:00,BTCUSDT,2833721237,111874.40,5.210,6584406489,1756149900279,False,582865.62
2025-08-25 14:25:02,ETHUSDT,2411064619,4514.51,136.769,6273454165,1756149902307,False,617445.02
2025-08-25 14:25:02,ETHUSDT,2411064666,4515.00,294.723,6273454308,1756149902395,False,1330674.34
2025-08-25 14:25:02,BTCUSDT,2833721309,111887.50,4.825,6584406663,1756149902435,False,539857.19
2025-08-25 14:25:43,ETHUSDT,2411066300,4517.47,169.550,6273458887,1756149943487,True,765937.04
2025-08-25 14:25:50,BTCUSDT,2833722192,111972.60,7.511,6584408449,1756149950673,True,841026.20
2025-08-25 14:26:03,ETHUSDT,2411066747,4517.00,116.600,6273459964,1756149963881,False,526682.20
2025-08-25 14:26:28,ETHUSDT,2411067675,4523.95,117.602,6273462699,1756149988259,False,532025.57
2025-08-25 14:26:38,ETHUSDT,2411068028,4523.13,118.302,6273463929,1756149998358,False,535095.33
2025-08-25 14:27:10,ETHUSDT,2411069077,4522.69,149.229,6273466925,1756150030140,True,674916.51
2025-08-25 14:27:16,ETHUSDT,2411069324,4524.99,176.685,6273467581,1756150036370,True,799497.86
2025-08-25 14:27:54,BTCUSDT,2833723982,111859.90,5.523,6584412422,1756150074392,False,617802.23
2025-08-25 14:28:32,BTCUSDT,2833724383,111861.30,5.005,6584413407,1756150112069,True,559865.81
2025-08-25 14:30:00,BTCUSDT,2833725155,111924.30,13.764,6584415028,1756150200255,True,1540526.07
2025-08-25 14:30:03,BTCUSDT,2833725315,111892.00,12.209,6584415413,1756150203786,False,1366089.43
2025-08-25 14:30:14,ETHUSDT,2411074177,4520.91,324.823,6273480390,1756150214409,False,1468495.55
2025-08-25 14:30:37,ETHUSDT,2411074938,4516.40,140.371,6273482335,1756150237041,False,633971.58
2025-08-25 14:30:43,ETHUSDT,2411075329,4513.15,117.989,6273483399,1756150243230,True,532502.06
2025-08-25 14:30:44,BTCUSDT,2833726322,111830.90,4.610,6584417521,1756150244386,True,515540.45
2025-08-25 14:30:54,ETHUSDT,2411076020,4511.79,132.848,6273485490,1756150254059,True,599382.28
2025-08-25 14:30:56,ETHUSDT,2411076198,4510.00,586.572,6273485918,1756150256067,True,2645439.72
2025-08-25 14:30:59,ETHUSDT,2411076503,4510.09,711.374,6273486859,1756150259933,False,3208360.76
2025-08-25 14:31:06,ETHUSDT,2411077112,4508.03,138.574,6273488369,1756150266055,False,624695.75
2025-08-25 14:31:11,ETHUSDT,2411077523,4505.17,122.525,6273489532,1756150271867,True,551995.95
2025-08-25 14:31:11,ETHUSDT,2411077538,4505.18,150.066,6273489627,1756150271884,False,676074.34
2025-08-25 14:31:14,ETHUSDT,2411077711,4505.00,264.777,6273490267,1756150274346,True,1192820.39
2025-08-25 14:31:16,ETHUSDT,2411077876,4504.62,185.710,6273490785,1756150276035,True,836552.98
2025-08-25 14:31:17,ETHUSDT,2411078473,4502.00,163.657,6273492890,1756150277042,True,736783.81
2025-08-25 14:31:17,ETHUSDT,2411078571,4501.00,159.637,6273493314,1756150277044,True,718526.14
2025-08-25 14:31:17,BTCUSDT,2833727005,111740.80,8.815,6584419167,1756150277052,True,984995.15
2025-08-25 14:31:17,ETHUSDT,2411078574,4500.95,235.920,6273493430,1756150277044,True,1061864.12
2025-08-25 14:31:17,ETHUSDT,2411078610,4500.57,237.008,6273493558,1756150277044,True,1066671.09
2025-08-25 14:31:17,SOLUSDT,948329575,193.0000,9339.32,2601981456,1756150277094,True,1802488.76
2025-08-25 14:31:17,ETHUSDT,2411078654,4500.10,615.734,6273493720,1756150277045,True,2770864.57
2025-08-25 14:31:17,ETHUSDT,2411078664,4500.00,1102.488,6273493765,1756150277045,True,4961196.00
2025-08-25 14:31:17,ETHUSDT,2411079009,4500.00,330.843,6273496321,1756150277610,True,1488793.50
2025-08-25 14:31:17,ETHUSDT,2411079017,4500.00,236.480,6273496735,1756150277628,True,1064160.00
2025-08-25 14:31:17,ETHUSDT,2411079019,4500.00,352.980,6273496878,1756150277630,True,1588410.00
2025-08-25 14:31:17,ETHUSDT,2411079021,4500.00,362.244,6273496932,1756150277637,True,1630098.00
2025-08-25 14:31:17,ETHUSDT,2411079023,4500.00,476.245,6273496951,1756150277643,True,2143102.50
2025-08-25 14:31:17,ETHUSDT,2411079106,4499.00,121.960,6273497301,1756150277668,True,548698.04
2025-08-25 14:31:17,ETHUSDT,2411079196,4498.37,156.593,6273497633,1756150277722,False,704413.25
2025-08-25 14:31:18,ETHUSDT,2411079390,4498.53,129.206,6273498363,1756150278478,True,581237.07
2025-08-25 14:31:18,ETHUSDT,2411079392,4498.42,120.899,6273498373,1756150278480,True,543854.48
2025-08-25 14:31:18,ETHUSDT,2411079429,4498.38,121.427,6273498576,1756150278744,True,546224.79
2025-08-25 14:31:18,ETHUSDT,2411079430,4498.37,192.753,6273498587,1756150278750,True,867074.31
2025-08-25 14:31:18,ETHUSDT,2411079498,4497.75,144.190,6273498818,1756150278841,False,648530.57
2025-08-25 14:31:19,ETHUSDT,2411079828,4495.00,328.478,6273499896,1756150279393,True,1476508.61
2025-08-25 14:31:19,ETHUSDT,2411080329,4494.00,243.231,6273501396,1756150279913,True,1093080.11
2025-08-25 14:31:20,ETHUSDT,2411080655,4493.70,475.199,6273502127,1756150280239,False,2135401.75
2025-08-25 14:31:20,ETHUSDT,2411080748,4493.00,145.686,6273502445,1756150280256,True,654567.20
2025-08-25 14:31:20,ETHUSDT,2411081329,4490.69,112.992,6273504195,1756150280278,True,507412.04
2025-08-25 14:31:20,ETHUSDT,2411081674,4490.00,114.967,6273505069,1756150280287,True,516201.83
2025-08-25 14:31:20,BTCUSDT,2833727264,111709.10,12.452,6584419917,1756150280850,True,1391001.71
2025-08-25 14:31:21,ETHUSDT,2411082226,4493.49,124.138,6273506757,1756150281244,True,557812.86
2025-08-25 14:31:21,ETHUSDT,2411082748,4492.34,115.152,6273507988,1756150281765,False,517301.94
2025-08-25 14:31:22,ETHUSDT,2411083012,4492.07,269.702,6273508644,1756150282131,True,1211520.26
2025-08-25 14:31:22,ETHUSDT,2411083253,4492.56,123.659,6273509145,1756150282246,False,555545.48
2025-08-25 14:31:22,ETHUSDT,2411083501,4494.99,119.868,6273509773,1756150282750,True,538805.46
2025-08-25 14:31:23,BTCUSDT,2833727438,111682.00,6.336,6584420326,1756150283406,True,707617.15
2025-08-25 14:31:24,ETHUSDT,2411084449,4497.46,111.185,6273511828,1756150284256,False,500050.09
2025-08-25 14:31:25,ETHUSDT,2411084873,4491.47,143.495,6273512910,1756150285260,True,644503.49
2025-08-25 14:31:25,ETHUSDT,2411085076,4494.45,142.426,6273513522,1756150285934,False,640126.54
2025-08-25 14:31:25,BTCUSDT,2833727722,111650.00,6.283,6584421175,1756150285904,True,701496.95
2025-08-25 14:31:27,ETHUSDT,2411085589,4500.00,400.000,6273514679,1756150287341,False,1800000.00
2025-08-25 14:31:27,ETHUSDT,2411085674,4499.27,382.223,6273514891,1756150287726,True,1719724.48
2025-08-25 14:31:27,ETHUSDT,2411085696,4499.00,113.935,6273514943,1756150287794,True,512593.57
2025-08-25 14:31:27,ETHUSDT,2411085700,4499.00,228.750,6273514957,1756150287822,True,1029146.25
2025-08-25 14:31:27,ETHUSDT,2411085702,4499.00,649.917,6273514970,1756150287825,True,2923976.58
2025-08-25 14:31:27,ETHUSDT,2411085706,4499.00,395.061,6273514996,1756150287845,True,1777379.44
2025-08-25 14:31:27,ETHUSDT,2411085711,4499.01,222.910,6273515066,1756150287899,False,1002874.32
2025-08-25 14:31:27,ETHUSDT,2411085716,4499.00,550.220,6273515183,1756150287943,True,2475439.78
2025-08-25 14:31:27,ETHUSDT,2411085718,4499.00,559.646,6273515188,1756150287962,True,2517847.35
2025-08-25 14:31:28,ETHUSDT,2411085760,4498.22,137.107,6273515285,1756150288060,False,616737.45
2025-08-25 14:31:29,ETHUSDT,2411086371,4498.72,133.799,6273517201,1756150289487,False,601924.24
2025-08-25 14:31:29,ETHUSDT,2411086429,4499.43,151.581,6273517419,1756150289638,False,682028.10
2025-08-25 14:31:36,BTCUSDT,2833728842,111588.00,4.810,6584423906,1756150296950,False,536738.28
2025-08-25 14:31:37,BTCUSDT,2833728865,111591.20,5.521,6584423992,1756150297232,True,616095.02
2025-08-25 14:31:38,ETHUSDT,2411088158,4490.00,576.073,6273522453,1756150298955,True,2586567.77
2025-08-25 14:31:39,BTCUSDT,2833729087,111551.00,7.195,6584424646,1756150299266,True,802609.45
2025-08-25 14:31:39,ETHUSDT,2411088208,4490.00,1616.036,6273522602,1756150299269,True,7256001.64
2025-08-25 14:31:39,ETHUSDT,2411088301,4489.00,471.242,6273523091,1756150299271,True,2115405.34
2025-08-25 14:31:39,ETHUSDT,2411088303,4489.00,116.839,6273523101,1756150299272,True,524490.27
2025-08-25 14:31:39,ETHUSDT,2411088343,4489.00,1733.756,6273523275,1756150299561,True,7782830.68
2025-08-25 14:31:41,ETHUSDT,2411088756,4488.17,179.860,6273524718,1756150301112,True,807242.26
2025-08-25 14:31:42,ETHUSDT,2411089096,4488.00,568.981,6273525559,1756150302069,True,2553586.73
2025-08-25 14:31:42,ETHUSDT,2411089282,4486.00,121.523,6273526332,1756150302071,True,545152.18
2025-08-25 14:31:42,ETHUSDT,2411089373,4485.05,154.117,6273526737,1756150302072,True,691222.45
2025-08-25 14:31:42,ETHUSDT,2411089378,4485.00,467.658,6273526754,1756150302072,True,2097446.13
2025-08-25 14:31:42,ETHUSDT,2411089682,4488.07,141.562,6273527439,1756150302813,False,635340.17
2025-08-25 14:31:43,ETHUSDT,2411089742,4487.58,181.860,6273527608,1756150303040,True,816111.30
2025-08-25 14:31:43,ETHUSDT,2411089835,4487.36,126.594,6273527940,1756150303435,True,568072.85
2025-08-25 14:31:44,BTCUSDT,2833729516,111524.70,6.052,6584425940,1756150304352,False,674947.48
2025-08-25 14:31:46,BTCUSDT,2833729581,111538.20,6.221,6584426116,1756150306350,False,693879.14
2025-08-25 14:31:47,ETHUSDT,2411091032,4495.79,139.131,6273530978,1756150307974,True,625503.76
2025-08-25 14:31:47,ETHUSDT,2411091067,4495.00,613.079,6273531077,1756150307976,True,2755790.10
2025-08-25 14:31:48,BTCUSDT,2833729801,111538.10,4.642,6584426559,1756150308820,True,517759.86
2025-08-25 14:32:01,ETHUSDT,2411092658,4489.24,785.681,6273535412,1756150321011,True,3527110.57
2025-08-25 14:32:01,BTCUSDT,2833730192,111505.10,5.000,6584427552,1756150321517,False,557525.50
2025-08-25 14:32:02,BTCUSDT,2833730254,111500.00,6.619,6584427952,1756150322525,True,738018.50
2025-08-25 14:32:03,BTCUSDT,2833730547,111455.00,4.746,6584428730,1756150323297,True,528965.43
2025-08-25 14:32:05,ETHUSDT,2411093680,4485.00,300.915,6273538011,1756150325226,True,1349603.78
2025-08-25 14:32:06,ETHUSDT,2411093881,4484.91,166.806,6273538704,1756150326218,True,748109.90
2025-08-25 14:32:06,BTCUSDT,2833731159,111406.20,5.593,6584430753,1756150326993,True,623094.88
2025-08-25 14:32:07,ETHUSDT,2411094233,4483.00,126.027,6273539782,1756150327042,True,564979.04
2025-08-25 14:32:07,BTCUSDT,2833731228,111399.00,9.753,6584431140,1756150327563,True,1086474.45
2025-08-25 14:32:08,BTCUSDT,2833731403,111366.60,6.388,6584431649,1756150328521,False,711409.84
2025-08-25 14:32:09,ETHUSDT,2411094466,4482.00,331.502,6273540676,1756150329036,True,1485791.96
2025-08-25 14:32:09,BTCUSDT,2833731530,111353.30,7.848,6584432052,1756150329082,False,873900.70
2025-08-25 14:32:11,SOLUSDT,948331280,192.7000,5416.71,2601994478,1756150331481,False,1043800.02
2025-08-25 14:32:11,BTCUSDT,2833731868,111408.50,4.699,6584432823,1756150331973,True,523508.54
2025-08-25 14:32:12,ETHUSDT,2411095529,4488.26,133.658,6273543134,1756150332062,False,599891.86
2025-08-25 14:32:17,ETHUSDT,2411096609,4490.33,229.115,6273546291,1756150337925,True,1028801.96
2025-08-25 14:32:19,BTCUSDT,2833732281,111445.00,13.798,6584433766,1756150339043,True,1537718.11
2025-08-25 14:32:21,ETHUSDT,2411097573,4483.71,248.007,6273548196,1756150341637,False,1111991.47
2025-08-25 14:32:21,ETHUSDT,2411097625,4483.33,135.125,6273548333,1756150341804,True,605809.97
2025-08-25 14:32:23,BTCUSDT,2833732592,111393.90,5.227,6584434375,1756150343726,False,582255.92
2025-08-25 14:32:26,ETHUSDT,2411098281,4484.74,233.466,6273549848,1756150346913,True,1047034.31
2025-08-25 14:32:30,BTCUSDT,2833733072,111400.10,6.359,6584435400,1756150350232,False,708393.24
2025-08-25 14:32:30,BTCUSDT,2833733130,111405.50,10.000,6584435558,1756150350973,False,1114055.00
2025-08-25 14:32:35,BTCUSDT,2833733288,111429.70,5.798,6584435923,1756150355426,True,646069.40
2025-08-25 14:32:52,ETHUSDT,2411101512,4486.26,122.628,6273558176,1756150372356,True,550141.09
2025-08-25 14:32:53,BTCUSDT,2833733820,111428.30,17.759,6584437171,1756150373508,False,1978855.18
2025-08-25 14:33:13,BTCUSDT,2833734247,111442.20,13.388,6584438314,1756150393492,True,1491988.17
2025-08-25 14:33:19,ETHUSDT,2411104345,4490.00,131.363,6273565754,1756150399352,False,589819.87
2025-08-25 14:33:19,BTCUSDT,2833734393,111438.50,5.120,6584439393,1756150399311,False,570565.12
2025-08-25 14:33:19,ETHUSDT,2411104561,4487.55,114.709,6273566248,1756150399983,False,514762.37
2025-08-25 14:33:21,BTCUSDT,2833734537,111470.00,7.462,6584439729,1756150401718,False,831789.14
2025-08-25 14:33:23,BTCUSDT,2833734599,111481.00,10.084,6584439901,1756150403155,False,1124174.40
2025-08-25 14:33:23,BTCUSDT,2833734728,111500.00,5.220,6584440226,1756150403156,False,582030.00
2025-08-25 14:33:25,ETHUSDT,2411105229,4492.28,122.358,6273568214,1756150405516,False,549666.40
2025-08-25 14:33:29,ETHUSDT,2411105824,4490.81,268.083,6273569941,1756150409753,False,1203909.82
2025-08-25 14:33:30,BTCUSDT,2833735227,111509.60,7.987,6584441379,1756150410992,True,890627.18
2025-08-25 14:33:34,ETHUSDT,2411106267,4491.40,144.472,6273571007,1756150414101,False,648881.54
2025-08-25 14:33:36,ETHUSDT,2411106414,4490.77,131.690,6273571554,1756150416037,True,591389.50
2025-08-25 14:33:36,ETHUSDT,2411106477,4490.01,149.932,6273571696,1756150416804,False,673196.18
2025-08-25 14:33:39,ETHUSDT,2411106912,4489.02,119.225,6273572810,1756150419667,False,535203.41
2025-08-25 14:33:39,ETHUSDT,2411106951,4489.64,135.845,6273572961,1756150419668,False,609895.15
2025-08-25 14:33:41,BTCUSDT,2833735669,111495.10,7.400,6584442314,1756150421249,False,825063.74
2025-08-25 14:33:43,BTCUSDT,2833735778,111490.00,7.389,6584442562,1756150423187,True,823799.61
2025-08-25 14:34:00,ETHUSDT,2411108416,4489.80,114.514,6273576620,1756150440312,True,514144.96
2025-08-25 14:34:03,ETHUSDT,2411108718,4492.12,167.604,6273577565,1756150443460,True,752897.28
2025-08-25 14:34:07,ETHUSDT,2411109119,4491.68,155.126,6273578560,1756150447608,False,696776.35
2025-08-25 14:34:07,ETHUSDT,2411109139,4491.73,125.147,6273578686,1756150447684,True,562126.53
2025-08-25 14:34:08,ETHUSDT,2411109149,4491.68,131.564,6273578740,1756150448256,False,590943.39
2025-08-25 14:34:09,ETHUSDT,2411109325,4494.00,143.930,6273579252,1756150449907,False,646821.42
2025-08-25 14:34:11,ETHUSDT,2411109603,4495.83,116.024,6273580097,1756150451571,True,521624.18
2025-08-25 14:34:15,BTCUSDT,2833736550,111565.10,5.002,6584444224,1756150455103,False,558048.63
2025-08-25 14:34:15,ETHUSDT,2411109790,4493.97,114.031,6273580580,1756150455566,False,512451.89
2025-08-25 14:34:23,BTCUSDT,2833736672,111557.40,5.000,6584444601,1756150463113,False,557787.00
2025-08-25 14:34:35,SOLUSDT,948333476,193.0000,4996.75,2602010995,1756150475071,False,964372.75
2025-08-25 14:34:48,BTCUSDT,2833737245,111545.80,8.771,6584445830,1756150488781,True,978368.21
2025-08-25 14:34:50,ETHUSDT,2411112029,4489.42,261.208,6273586607,1756150490603,True,1172672.42
2025-08-25 14:34:58,ETHUSDT,2411112196,4488.79,120.256,6273587081,1756150498234,False,539803.93
2025-08-25 14:35:15,ETHUSDT,2411113092,4489.00,400.208,6273589349,1756150515266,True,1796533.71
2025-08-25 14:35:33,ETHUSDT,2411114401,4483.90,287.089,6273592524,1756150533286,True,1287278.37
2025-08-25 14:35:36,BTCUSDT,2833738396,111452.50,9.272,6584448169,1756150536561,True,1033387.58
2025-08-25 14:35:36,BTCUSDT,2833738483,111440.00,18.002,6584448382,1756150536562,True,2006142.88
2025-08-25 14:35:39,ETHUSDT,2411114874,4482.40,348.989,6273593749,1756150539992,True,1564308.29
2025-08-25 14:35:40,ETHUSDT,2411114986,4481.00,114.852,6273594166,1756150540262,True,514651.81
2025-08-25 14:35:40,ETHUSDT,2411114996,4481.00,158.918,6273594214,1756150540365,True,712111.56
2025-08-25 14:35:40,ETHUSDT,2411115116,4480.00,431.549,6273595006,1756150540550,True,1933339.52
2025-08-25 14:35:40,ETHUSDT,2411115120,4480.00,537.773,6273595297,1756150540582,True,2409223.04
2025-08-25 14:35:41,ETHUSDT,2411115369,4477.60,162.004,6273596530,1756150541393,True,725389.11
2025-08-25 14:35:41,ETHUSDT,2411115584,4477.11,115.650,6273597275,1756150541902,True,517777.77
2025-08-25 14:35:42,ETHUSDT,2411115605,4476.91,172.336,6273597366,1756150542060,True,771532.76
2025-08-25 14:35:43,ETHUSDT,2411116326,4474.00,522.515,6273599599,1756150543581,True,2337732.11
2025-08-25 14:35:43,ETHUSDT,2411116424,4473.00,184.801,6273600030,1756150543582,True,826614.87
2025-08-25 14:35:43,ETHUSDT,2411116495,4472.22,196.137,6273600370,1756150543583,True,877167.81
2025-08-25 14:35:44,ETHUSDT,2411116626,4474.20,167.989,6273600771,1756150544101,True,751616.38
2025-08-25 14:35:44,BTCUSDT,2833738973,111360.00,17.967,6584449289,1756150544290,True,2000805.12
2025-08-25 14:35:44,BTCUSDT,2833739086,111340.50,11.474,6584449547,1756150544949,False,1277520.90
2025-08-25 14:35:45,BTCUSDT,2833739180,111350.30,8.785,6584449756,1756150545785,True,978212.39
2025-08-25 14:35:46,ETHUSDT,2411117610,4472.00,114.479,6273603020,1756150546040,True,511950.09
2025-08-25 14:35:47,BTCUSDT,2833739256,111348.50,8.610,6584449986,1756150547037,True,958710.58
2025-08-25 14:35:47,BTCUSDT,2833739278,111342.90,8.160,6584450100,1756150547254,True,908558.06
2025-08-25 14:35:47,BTCUSDT,2833739279,111342.90,5.278,6584450133,1756150547379,True,587667.83
2025-08-25 14:35:49,ETHUSDT,2411118170,4473.57,187.696,6273604442,1756150549445,True,839671.19
2025-08-25 14:35:51,BTCUSDT,2833739489,111316.00,5.422,6584450627,1756150551064,True,603555.35
2025-08-25 14:35:51,BTCUSDT,2833739622,111300.00,4.736,6584450926,1756150551064,True,527116.80
2025-08-25 14:35:51,BTCUSDT,2833739709,111301.40,15.032,6584451256,1756150551367,False,1673082.64
2025-08-25 14:35:52,ETHUSDT,2411118668,4471.20,282.581,6273605755,1756150552671,True,1263476.17
2025-08-25 14:35:52,ETHUSDT,2411118685,4471.00,168.328,6273605804,1756150552688,True,752594.49
2025-08-25 14:35:56,ETHUSDT,2411119334,4470.01,137.966,6273607533,1756150556050,True,616709.40
2025-08-25 14:36:02,ETHUSDT,2411119774,4470.00,653.657,6273609245,1756150562684,True,2921846.79
2025-08-25 14:36:03,ETHUSDT,2411120035,4469.67,112.192,6273610412,1756150563223,False,501461.22
2025-08-25 14:36:04,ETHUSDT,2411120316,4472.54,134.615,6273611162,1756150564848,False,602070.97
2025-08-25 14:36:08,ETHUSDT,2411120735,4470.34,147.933,6273612470,1756150568571,False,661310.81
2025-08-25 14:36:11,ETHUSDT,2411121137,4474.24,127.142,6273613758,1756150571277,True,568863.82
2025-08-25 14:36:15,BTCUSDT,2833740831,111323.10,5.001,6584453684,1756150575725,True,556726.82
2025-08-25 14:36:15,ETHUSDT,2411122235,4475.41,149.633,6273616482,1756150575843,False,669669.02
2025-08-25 14:36:18,BTCUSDT,2833740898,111335.50,5.031,6584453853,1756150578511,True,560128.90
2025-08-25 14:36:22,BTCUSDT,2833741023,111342.80,21.091,6584454143,1756150582032,True,2348330.99
2025-08-25 14:36:25,ETHUSDT,2411123250,4474.00,231.101,6273618797,1756150585141,False,1033945.87
2025-08-25 14:36:33,BTCUSDT,2833741139,111349.90,8.435,6584454529,1756150593695,True,939236.41
2025-08-25 14:36:37,BTCUSDT,2833741308,111344.90,6.775,6584454913,1756150597712,True,754361.70
2025-08-25 14:36:43,ETHUSDT,2411124690,4477.14,161.717,6273622715,1756150603442,True,724029.65
2025-08-25 14:36:47,ETHUSDT,2411124989,4477.06,203.391,6273624024,1756150607616,True,910593.71
2025-08-25 14:36:58,ETHUSDT,2411125524,4475.00,349.647,6273626177,1756150618729,True,1564670.32
2025-08-25 14:37:04,BTCUSDT,2833742115,111300.30,14.258,6584456630,1756150624184,True,1586919.68
2025-08-25 14:37:09,BTCUSDT,2833742450,111260.50,13.533,6584457563,1756150629337,True,1505688.35
2025-08-25 14:37:09,ETHUSDT,2411126360,4474.24,180.358,6273628812,1756150629822,True,806964.98
2025-08-25 14:37:12,BTCUSDT,2833742801,111211.70,5.636,6584458666,1756150632807,False,626789.14
2025-08-25 14:37:20,BTCUSDT,2833743381,111165.00,7.635,6584460469,1756150640042,True,848744.78
2025-08-25 14:37:20,BTCUSDT,2833743490,111166.50,9.053,6584460799,1756150640556,False,1006390.32
2025-08-25 14:37:20,BTCUSDT,2833743514,111173.00,17.140,6584460869,1756150640940,True,1905505.22
2025-08-25 14:37:21,ETHUSDT,2411127244,4470.84,147.563,6273631111,1756150641935,True,659730.56
2025-08-25 14:37:23,BTCUSDT,2833743675,111195.40,18.404,6584461281,1756150643986,True,2046440.14
2025-08-25 14:37:26,BTCUSDT,2833743829,111181.90,5.994,6584461636,1756150646240,True,666424.31
2025-08-25 14:37:26,BTCUSDT,2833743872,111170.20,5.618,6584461750,1756150646241,True,624554.18
2025-08-25 14:37:30,BTCUSDT,2833743946,111182.30,7.000,6584461912,1756150650002,False,778276.10
2025-08-25 14:37:35,BTCUSDT,2833744103,111209.40,15.873,6584462314,1756150655060,True,1765226.81
2025-08-25 14:37:44,BTCUSDT,2833744441,111235.00,5.771,6584463022,1756150664252,True,641937.18
2025-08-25 14:37:44,BTCUSDT,2833744492,111226.00,35.714,6584463188,1756150664855,True,3972325.36
2025-08-25 14:37:50,BTCUSDT,2833744779,111243.70,4.958,6584463753,1756150670091,False,551546.26
2025-08-25 14:38:05,BTCUSDT,2833745298,111163.80,5.905,6584464853,1756150685862,True,656422.24
2025-08-25 14:38:12,ETHUSDT,2411129950,4476.48,260.170,6273638982,1756150692837,True,1164645.80
2025-08-25 14:38:14,BTCUSDT,2833745598,111159.00,9.655,6584465670,1756150694142,True,1073240.15
2025-08-25 14:38:18,ETHUSDT,2411130189,4475.43,143.900,6273639687,1756150698263,True,644014.38
2025-08-25 14:38:18,ETHUSDT,2411130221,4475.00,152.492,6273639793,1756150698486,True,682401.70
2025-08-25 14:38:23,BTCUSDT,2833745841,111149.40,11.731,6584466345,1756150703774,True,1303893.61
2025-08-25 14:38:27,BTCUSDT,2833745917,111140.10,4.514,6584466590,1756150707592,False,501686.41
2025-08-25 14:38:27,BTCUSDT,2833746346,111200.10,7.163,6584467646,1756150707676,False,796526.32
2025-08-25 14:38:27,BTCUSDT,2833746397,111200.00,7.184,6584467804,1756150707739,True,798860.80
2025-08-25 14:38:44,BTCUSDT,2833746904,111200.00,50.087,6584469023,1756150724125,True,5569674.40
2025-08-25 14:38:48,BTCUSDT,2833747036,111180.90,5.000,6584469531,1756150728125,True,555904.50
2025-08-25 14:38:48,ETHUSDT,2411132281,4470.00,410.514,6273645330,1756150728484,True,1834997.58
2025-08-25 14:38:49,ETHUSDT,2411132392,4468.77,130.547,6273645669,1756150729451,False,583384.52
2025-08-25 14:38:49,ETHUSDT,2411132546,4468.45,217.484,6273646243,1756150729975,True,971816.38
2025-08-25 14:38:49,ETHUSDT,2411132548,4468.42,130.491,6273646287,1756150729978,True,583088.59
2025-08-25 14:38:50,ETHUSDT,2411132585,4468.00,115.061,6273646440,1756150730521,True,514092.55
2025-08-25 14:38:53,ETHUSDT,2411133177,4468.01,156.807,6273648134,1756150733403,False,700615.24
2025-08-25 14:39:03,ETHUSDT,2411134037,4466.00,252.381,6273650532,1756150743359,True,1127133.55
2025-08-25 14:39:03,ETHUSDT,2411134136,4465.01,132.662,6273651101,1756150743361,True,592337.16
2025-08-25 14:39:03,ETHUSDT,2411134137,4465.00,528.471,6273651109,1756150743361,True,2359623.02
2025-08-25 14:39:07,ETHUSDT,2411134630,4464.95,146.401,6273652349,1756150747090,False,653673.14
2025-08-25 14:39:10,ETHUSDT,2411134855,4466.32,125.606,6273653071,1756150750800,True,560996.59
2025-08-25 14:39:12,BTCUSDT,2833747801,111113.90,4.669,6584471345,1756150752169,False,518790.80
2025-08-25 14:39:18,ETHUSDT,2411135281,4464.46,291.632,6273654305,1756150758616,True,1301979.40
2025-08-25 14:39:18,ETHUSDT,2411135283,4464.44,500.017,6273654338,1756150758620,True,2232295.90
2025-08-25 14:39:18,ETHUSDT,2411135358,4464.54,115.572,6273654634,1756150758989,False,515975.82
2025-08-25 14:39:19,ETHUSDT,2411135398,4465.00,188.972,6273654791,1756150759214,False,843759.98
2025-08-25 14:39:22,ETHUSDT,2411135769,4468.49,151.150,6273655826,1756150762445,False,675412.26
2025-08-25 14:39:29,BTCUSDT,2833748828,111287.10,9.825,6584473828,1756150769544,True,1093395.76
2025-08-25 14:39:46,BTCUSDT,2833749527,111231.50,5.885,6584475729,1756150786441,False,654597.38
2025-08-25 14:39:47,BTCUSDT,2833749573,111242.00,14.110,6584475863,1756150787025,True,1569624.62
2025-08-25 14:39:47,SOLUSDT,948337303,192.8300,4271.03,2602037946,1756150787193,True,823582.71
2025-08-25 14:39:54,ETHUSDT,2411138293,4467.41,149.461,6273662025,1756150794935,True,667703.57
2025-08-25 14:39:57,BTCUSDT,2833750120,111161.20,5.290,6584476974,1756150797679,True,588042.75
2025-08-25 14:39:57,BTCUSDT,2833750352,111127.70,4.925,6584477443,1756150797699,False,547303.92
2025-08-25 14:45:34,ETHUSDT,2411167463,4463.00,787.162,6273743293,1756151134580,True,3513104.01
2025-08-25 14:45:46,ETHUSDT,2411168412,4460.27,190.971,6273745597,1756151146934,False,851782.22
2025-08-25 14:45:46,ETHUSDT,2411168429,4460.51,174.414,6273745655,1756151146988,True,777975.39
2025-08-25 14:46:17,ETHUSDT,2411170000,4468.00,130.509,6273749162,1756151177776,False,583114.21
2025-08-25 14:46:19,BTCUSDT,2833764823,111123.30,10.331,6584510629,1756151179373,True,1148014.81
2025-08-25 14:46:27,BTCUSDT,2833765030,111138.70,5.943,6584511058,1756151187626,False,660497.29
2025-08-25 14:46:30,ETHUSDT,2411170861,4468.01,250.020,6273751272,1756151190416,False,1117091.86
2025-08-25 14:46:31,BTCUSDT,2833765157,111134.80,5.000,6584511393,1756151191130,False,555674.00
2025-08-25 14:46:42,BTCUSDT,2833765468,111189.80,4.763,6584512010,1756151202353,True,529597.02
2025-08-25 14:46:43,ETHUSDT,2411171533,4470.08,127.693,6273753350,1756151203967,True,570797.93
2025-08-25 14:46:47,BTCUSDT,2833765704,111180.00,8.019,6584512505,1756151207326,False,891552.42
2025-08-25 14:46:49,ETHUSDT,2411171884,4468.67,157.898,6273754252,1756151209801,False,705594.06
2025-08-25 14:46:52,ETHUSDT,2411172048,4470.43,135.759,6273754658,1756151212706,False,606901.11
2025-08-25 14:46:54,ETHUSDT,2411172188,4472.00,157.384,6273755022,1756151214038,False,703821.25
2025-08-25 14:46:58,ETHUSDT,2411172578,4473.32,139.381,6273756223,1756151218127,False,623495.81
2025-08-25 14:46:59,ETHUSDT,2411172647,4473.61,118.326,6273756445,1756151219250,False,529344.38
2025-08-25 14:47:00,BTCUSDT,2833766208,111250.00,18.154,6584513574,1756151220692,True,2019632.50
2025-08-25 14:47:04,ETHUSDT,2411173235,4475.02,170.536,6273758237,1756151224793,False,763152.01
2025-08-25 14:47:06,ETHUSDT,2411173644,4477.00,124.114,6273759229,1756151226259,False,555658.38
2025-08-25 14:47:07,BTCUSDT,2833766578,111282.30,5.836,6584514448,1756151227492,False,649443.50
2025-08-25 14:47:08,ETHUSDT,2411173832,4475.56,207.974,6273759798,1756151228524,False,930800.12
2025-08-25 14:47:08,ETHUSDT,2411173839,4475.56,116.202,6273759839,1756151228891,False,520069.02
2025-08-25 14:47:10,ETHUSDT,2411174108,4474.57,133.841,6273760559,1756151230831,False,598880.92
2025-08-25 14:47:17,ETHUSDT,2411174483,4473.33,128.608,6273761412,1756151237112,False,575306.02
2025-08-25 14:47:24,ETHUSDT,2411174911,4473.00,113.173,6273762354,1756151244447,True,506222.83
2025-08-25 14:47:31,ETHUSDT,2411175265,4470.06,120.799,6273763216,1756151251501,False,539978.78
2025-08-25 14:47:32,ETHUSDT,2411175348,4471.08,117.591,6273763828,1756151252835,False,525758.77
2025-08-25 14:47:41,ETHUSDT,2411176029,4471.81,129.659,6273765731,1756151261588,True,579810.41
2025-08-25 14:47:55,BTCUSDT,2833767756,111280.30,9.003,6584517003,1756151275370,True,1001856.54
2025-08-25 14:48:00,ETHUSDT,2411177115,4471.35,234.252,6273768283,1756151280862,False,1047422.68
2025-08-25 14:48:27,ETHUSDT,2411178804,4472.20,157.144,6273772110,1756151307796,True,702779.40
2025-08-25 14:48:30,ETHUSDT,2411178875,4471.49,192.808,6273772330,1756151310874,False,862139.04
2025-08-25 14:48:40,ETHUSDT,2411179298,4473.84,123.603,6273773339,1756151320048,True,552980.05
2025-08-25 14:48:42,BTCUSDT,2833768937,111281.60,4.890,6584519576,1756151322543,True,544167.02
2025-08-25 14:48:46,ETHUSDT,2411179598,4473.61,121.841,6273774036,1756151326461,False,545069.12
2025-08-25 14:48:49,BTCUSDT,2833769080,111258.80,4.631,6584519858,1756151329493,False,515239.50
2025-08-25 14:49:21,BTCUSDT,2833769802,111302.50,4.531,6584521459,1756151361779,False,504311.63
2025-08-25 14:49:23,BTCUSDT,2833769824,111305.00,5.000,6584521541,1756151363687,False,556525.00
2025-08-25 14:49:30,SOLUSDT,948344406,192.5700,4237.79,2602090681,1756151370401,True,816071.22
2025-08-25 14:49:40,ETHUSDT,2411181689,4472.98,200.407,6273780460,1756151380448,True,896416.50
2025-08-25 14:50:12,BTCUSDT,2833770612,111332.10,5.347,6584523229,1756151412198,True,595292.74
2025-08-25 14:50:23,ETHUSDT,2411183449,4470.00,2029.326,6273784608,1756151423350,True,9071087.22
2025-08-25 14:50:23,ETHUSDT,2411183566,4468.66,300.662,6273784981,1756151423527,True,1343556.25
2025-08-25 14:50:23,BTCUSDT,2833770971,111258.80,22.594,6584523909,1756151423575,True,2513781.33
2025-08-25 14:50:41,ETHUSDT,2411184444,4466.67,163.343,6273787071,1756151441123,False,729599.28
2025-08-25 14:50:44,BTCUSDT,2833771353,111229.10,10.021,6584524765,1756151444305,False,1114626.81
2025-08-25 14:50:47,ETHUSDT,2411184905,4465.51,116.721,6273788158,1756151447705,False,521218.79
2025-08-25 14:51:05,ETHUSDT,2411185649,4466.02,122.683,6273790040,1756151465452,False,547904.73
2025-08-25 14:51:07,ETHUSDT,2411185736,4467.25,202.442,6273790230,1756151467547,True,904359.02
2025-08-25 14:51:08,ETHUSDT,2411185744,4467.26,277.324,6273790280,1756151468349,False,1238878.41
2025-08-25 14:51:09,ETHUSDT,2411185813,4468.15,214.827,6273790427,1756151469190,True,959879.26
2025-08-25 14:51:12,ETHUSDT,2411186047,4468.07,120.919,6273790965,1756151472816,False,540274.56
2025-08-25 14:51:25,ETHUSDT,2411186606,4469.99,201.614,6273792249,1756151485298,True,901212.56
2025-08-25 14:51:28,ETHUSDT,2411186814,4466.81,113.241,6273792684,1756151488139,True,505826.03
2025-08-25 14:51:31,BTCUSDT,2833772152,111170.50,13.039,6584526497,1756151491032,True,1449552.15
2025-08-25 14:51:31,XRPUSDT,659374488,2.9000,227880.1,2627006604,1756151491764,True,660852.29
2025-08-25 14:51:31,XRPUSDT,659374492,2.9000,172607.5,2627007012,1756151491861,True,500561.75
2025-08-25 14:51:56,BTCUSDT,2833772885,111150.00,6.355,6584528087,1756151516743,True,706358.25
2025-08-25 14:51:59,BTCUSDT,2833773010,111147.00,10.015,6584528368,1756151519464,True,1113137.21
2025-08-25 14:52:22,BTCUSDT,2833773540,111175.50,4.617,6584529472,1756151542612,False,513297.28
2025-08-25 14:52:42,ETHUSDT,2411190834,4466.60,288.559,6273802116,1756151562034,False,1288877.63
2025-08-25 14:52:42,ETHUSDT,2411190938,4467.51,128.317,6273802417,1756151562795,False,573257.48
2025-08-25 14:53:36,ETHUSDT,2411192775,4463.79,200.026,6273806684,1756151616445,False,892874.06
2025-08-25 14:53:36,BTCUSDT,2833774997,111131.80,13.937,6584532458,1756151616501,True,1548843.90
2025-08-25 14:53:45,BTCUSDT,2833775168,111147.80,5.056,6584532869,1756151625515,True,561963.28
2025-08-25 14:53:57,ETHUSDT,2411193545,4461.31,127.432,6273808693,1756151637576,False,568513.66
2025-08-25 14:54:12,ETHUSDT,2411194336,4464.21,239.297,6273810730,1756151652030,True,1068272.06
2025-08-25 14:54:22,ETHUSDT,2411195196,4458.91,116.756,6273813348,1756151662553,True,520604.50
2025-08-25 14:54:37,BTCUSDT,2833776199,111156.10,5.501,6584535012,1756151677217,True,611469.71
2025-08-25 14:54:52,ETHUSDT,2411197691,4459.81,418.993,6273819519,1756151692699,True,1868629.17
2025-08-25 14:54:58,ETHUSDT,2411197977,4458.39,129.499,6273820156,1756151698793,True,577357.05
2025-08-25 14:55:00,ETHUSDT,2411198141,4457.31,120.011,6273820545,1756151700200,True,534926.23
2025-08-25 14:55:06,SOLUSDT,948347244,192.0000,4303.45,2602109541,1756151706812,True,826262.40
2025-08-25 14:55:06,SOLUSDT,948347245,192.0000,9818.22,2602109728,1756151706915,True,1885098.24
2025-08-25 14:55:11,ETHUSDT,2411199095,4453.95,118.369,6273822923,1756151711020,True,527209.61
2025-08-25 14:55:15,BTCUSDT,2833777529,111072.40,10.211,6584537946,1756151715916,True,1134160.28
2025-08-25 14:55:18,BTCUSDT,2833777730,111034.40,5.530,6584538391,1756151718284,True,614020.23
2025-08-25 14:55:19,ETHUSDT,2411199607,4451.84,154.526,6273824296,1756151719214,True,687925.03
2025-08-25 14:55:32,ETHUSDT,2411200358,4450.00,129.931,6273826301,1756151732038,True,578192.95
2025-08-25 14:55:32,ETHUSDT,2411200360,4450.00,2916.549,6273826583,1756151732052,True,12978643.05
2025-08-25 14:55:32,ETHUSDT,2411200373,4450.00,226.614,6273827301,1756151732366,True,1008432.30
2025-08-25 14:55:32,ETHUSDT,2411200383,4450.00,127.151,6273827600,1756151732587,True,565821.95
2025-08-25 14:55:32,ETHUSDT,2411200385,4450.00,394.242,6273827768,1756151732674,True,1754376.90
2025-08-25 14:55:34,ETHUSDT,2411200764,4448.00,261.778,6273829186,1756151734086,True,1164388.54
2025-08-25 14:55:34,ETHUSDT,2411201408,4445.00,271.494,6273831325,1756151734106,True,1206790.83
2025-08-25 14:55:35,BTCUSDT,2833778390,111004.70,7.103,6584540027,1756151735497,True,788466.38
2025-08-25 14:55:36,SOLUSDT,948348259,191.5000,4152.19,2602118060,1756151736172,True,795144.38
2025-08-25 14:55:36,BTCUSDT,2833778408,111000.00,43.705,6584540110,1756151736277,True,4851255.00
2025-08-25 14:55:36,BTCUSDT,2833778413,110999.00,5.061,6584540837,1756151736310,True,561765.94
2025-08-25 14:55:37,BTCUSDT,2833778578,110983.50,7.243,6584541219,1756151737324,True,803853.49
2025-08-25 14:55:38,ETHUSDT,2411202761,4446.65,129.059,6273834742,1756151738118,True,573880.20
2025-08-25 14:55:38,ETHUSDT,2411202894,4444.47,154.355,6273835122,1756151738169,True,686026.17
2025-08-25 14:55:38,ETHUSDT,2411202896,4444.44,532.779,6273835128,1756151738169,True,2367904.30
2025-08-25 14:55:38,ETHUSDT,2411202898,4444.44,265.590,6273835130,1756151738169,True,1180398.82
2025-08-25 14:55:38,ETHUSDT,2411202941,4444.01,365.150,6273835284,1756151738170,True,1622730.25
2025-08-25 14:55:38,ETHUSDT,2411203200,4444.69,116.647,6273835930,1756151738589,True,518459.75
2025-08-25 14:55:39,ETHUSDT,2411203390,4444.00,469.189,6273836318,1756151739777,True,2085075.92
2025-08-25 14:55:40,ETHUSDT,2411203413,4444.00,128.941,6273836473,1756151740039,True,573013.80
2025-08-25 14:55:40,ETHUSDT,2411203419,4444.00,150.474,6273836493,1756151740040,True,668706.46
2025-08-25 14:55:42,ETHUSDT,2411203591,4444.01,172.003,6273836993,1756151742168,False,764383.05
2025-08-25 14:55:42,ETHUSDT,2411203667,4444.02,189.351,6273837234,1756151742283,True,841479.63
2025-08-25 14:55:42,ETHUSDT,2411203669,4444.00,211.205,6273837246,1756151742283,True,938595.02
2025-08-25 14:56:01,ETHUSDT,2411205131,4446.21,394.364,6273840744,1756151761563,True,1753425.16
2025-08-25 14:56:04,ETHUSDT,2411205277,4446.20,127.302,6273841218,1756151764155,False,566010.15
2025-08-25 14:56:04,ETHUSDT,2411205294,4446.21,173.424,6273841290,1756151764538,True,771079.52
2025-08-25 14:56:10,ETHUSDT,2411205681,4444.00,982.070,6273842416,1756151770654,True,4364319.08
2025-08-25 14:56:11,BTCUSDT,2833780215,110900.00,6.582,6584545845,1756151771388,True,729943.80
2025-08-25 14:56:11,BTCUSDT,2833780319,110888.80,6.141,6584546253,1756151771627,True,680968.12
2025-08-25 14:56:12,ETHUSDT,2411205990,4442.00,120.770,6273843657,1756151772103,True,536460.34
2025-08-25 14:56:12,ETHUSDT,2411206043,4441.42,200.056,6273843837,1756151772104,True,888532.72
2025-08-25 14:56:12,ETHUSDT,2411206080,4441.00,124.246,6273843964,1756151772104,True,551776.49
2025-08-25 14:56:12,ETHUSDT,2411206183,4442.23,145.173,6273844341,1756151772117,False,644891.86
2025-08-25 14:56:12,ETHUSDT,2411206317,4442.18,134.666,6273844677,1756151772434,True,598210.61
2025-08-25 14:56:13,ETHUSDT,2411206463,4440.00,501.890,6273845214,1756151773225,True,2228391.60
2025-08-25 14:56:13,ETHUSDT,2411206467,4440.00,249.833,6273845301,1756151773226,True,1109258.52
2025-08-25 14:56:14,ETHUSDT,2411206856,4438.00,288.349,6273846669,1756151774545,True,1279692.86
2025-08-25 14:56:17,BTCUSDT,2833781011,110855.00,15.565,6584548203,1756151777480,True,1725458.07
2025-08-25 14:56:19,ETHUSDT,2411208531,4441.52,142.796,6273851153,1756151779031,False,634231.29
2025-08-25 14:56:23,ETHUSDT,2411209402,4437.52,116.927,6273853142,1756151783809,False,518865.90
2025-08-25 14:56:24,BTCUSDT,2833781445,110864.20,9.423,6584549170,1756151784369,True,1044673.36
2025-08-25 14:56:25,BTCUSDT,2833781557,110887.00,5.829,6584549424,1756151785524,True,646360.32
2025-08-25 14:56:26,BTCUSDT,2833781639,110890.00,33.293,6584549618,1756151786135,False,3691860.77
2025-08-25 14:56:27,BTCUSDT,2833781727,110903.60,6.370,6584549840,1756151787505,True,706455.93
2025-08-25 14:56:30,ETHUSDT,2411210771,4448.27,164.938,6273856184,1756151790758,True,733688.76
2025-08-25 14:56:35,ETHUSDT,2411211443,4450.00,376.258,6273857835,1756151795423,False,1674348.10
2025-08-25 14:56:40,BTCUSDT,2833782345,110918.30,13.581,6584551625,1756151800678,False,1506381.43
2025-08-25 14:56:55,ETHUSDT,2411213093,4447.01,124.010,6273861919,1756151815986,False,551473.71
2025-08-25 14:57:00,BTCUSDT,2833782818,110877.00,6.072,6584552868,1756151820595,True,673245.14
2025-08-25 14:57:17,BTCUSDT,2833783397,110846.10,17.760,6584554374,1756151837531,True,1968626.74
2025-08-25 14:57:17,BTCUSDT,2833783401,110845.90,10.543,6584554480,1756151837623,False,1168648.32
2025-08-25 14:57:21,BTCUSDT,2833783483,110837.40,6.010,6584554800,1756151841606,False,666132.77
2025-08-25 14:57:24,ETHUSDT,2411215125,4443.15,1006.233,6273866536,1756151844715,True,4470844.15
2025-08-25 14:57:25,BTCUSDT,2833783808,110800.00,12.293,6584555797,1756151845585,True,1362064.40
2025-08-25 14:57:25,BTCUSDT,2833783818,110800.00,8.961,6584555948,1756151845830,True,992878.80
2025-08-25 14:57:25,ETHUSDT,2411215213,4442.25,282.282,6273866901,1756151845842,True,1253967.21
2025-08-25 14:57:27,BTCUSDT,2833783907,110800.10,6.479,6584556331,1756151847656,False,717873.85
2025-08-25 14:57:27,ETHUSDT,2411215498,4442.80,113.222,6273867518,1756151847935,True,503022.70
2025-08-25 14:57:29,BTCUSDT,2833784052,110789.00,7.236,6584556704,1756151849517,True,801669.20
2025-08-25 14:57:34,ETHUSDT,2411216235,4440.00,3955.576,6273869595,1756151854099,False,17562757.44
2025-08-25 14:57:34,BTCUSDT,2833784324,110788.90,9.051,6584557481,1756151854794,True,1002750.33
2025-08-25 14:57:46,BTCUSDT,2833784593,110770.00,7.854,6584558258,1756151866084,True,869987.58
2025-08-25 14:57:47,BTCUSDT,2833784761,110758.00,5.043,6584558645,1756151867183,True,558552.59
2025-08-25 14:57:49,ETHUSDT,2411217240,4435.00,162.064,6273872543,1756151869675,True,718753.84
2025-08-25 14:57:49,ETHUSDT,2411217261,4435.00,247.952,6273872647,1756151869680,True,1099667.12
2025-08-25 14:57:49,BTCUSDT,2833784812,110750.00,13.555,6584558829,1756151869711,True,1501216.25
2025-08-25 14:57:51,ETHUSDT,2411218084,4432.11,149.435,6273875098,1756151871275,True,662312.36
2025-08-25 14:57:51,ETHUSDT,2411218095,4432.00,335.210,6273875139,1756151871275,True,1485650.72
2025-08-25 14:57:51,ETHUSDT,2411218233,4430.47,247.795,6273875678,1756151871276,True,1097848.31
2025-08-25 14:57:51,ETHUSDT,2411218268,4430.11,180.314,6273875806,1756151871277,True,798810.85
2025-08-25 14:57:51,ETHUSDT,2411218271,4430.08,225.749,6273875816,1756151871277,True,1000086.13
2025-08-25 14:57:51,ETHUSDT,2411218279,4430.00,616.686,6273875837,1756151871277,True,2731918.98
2025-08-25 14:57:51,ETHUSDT,2411218403,4430.00,127.964,6273876518,1756151871448,False,566880.52
2025-08-25 14:57:51,ETHUSDT,2411218429,4430.00,585.207,6273876589,1756151871552,False,2592467.01
2025-08-25 14:57:53,ETHUSDT,2411219040,4428.88,759.039,6273878248,1756151873529,True,3361692.65
2025-08-25 14:57:54,SOLUSDT,948351209,191.0000,10407.86,2602139284,1756151874406,True,1987901.26
2025-08-25 14:57:54,BTCUSDT,2833785165,110700.00,6.614,6584559840,1756151874946,True,732169.80
2025-08-25 14:57:54,BTCUSDT,2833785171,110700.00,10.915,6584559894,1756151874971,True,1208290.50
2025-08-25 14:57:55,BTCUSDT,2833785182,110700.00,8.107,6584560003,1756151875429,True,897444.90
2025-08-25 14:57:55,BTCUSDT,2833785229,110690.00,4.933,6584560204,1756151875711,True,546033.77
2025-08-25 14:57:56,SOLUSDT,948351287,191.0000,4083.86,2602139642,1756151876052,True,780017.26
2025-08-25 14:57:56,SOLUSDT,948351297,191.0000,5059.72,2602139661,1756151876052,True,966406.52
2025-08-25 14:57:56,SOLUSDT,948351331,191.0000,6220.61,2602139764,1756151876070,True,1188136.51
2025-08-25 14:57:56,BTCUSDT,2833785291,110688.60,15.769,6584560405,1756151876290,True,1745448.53
2025-08-25 14:57:56,ETHUSDT,2411219683,4429.00,338.920,6273880483,1756151876522,False,1501076.68
2025-08-25 14:57:56,BTCUSDT,2833785317,110693.00,14.247,6584560527,1756151876582,True,1577043.17
2025-08-25 14:57:57,BTCUSDT,2833785393,110684.70,6.704,6584560823,1756151877545,True,742030.23
2025-08-25 14:57:58,ETHUSDT,2411219982,4430.00,2243.991,6273881237,1756151878756,False,9940880.13
2025-08-25 14:57:58,ETHUSDT,2411219984,4430.00,1716.897,6273881323,1756151878780,False,7605853.71
2025-08-25 14:57:59,ETHUSDT,2411220144,4430.03,197.676,6273881738,1756151879596,True,875710.61
2025-08-25 14:58:00,BTCUSDT,2833785747,110684.70,7.229,6584561917,1756151880545,True,800139.70
2025-08-25 14:58:05,BTCUSDT,2833786093,110660.30,16.375,6584562967,1756151885370,True,1812062.41
2025-08-25 14:58:06,BTCUSDT,2833786275,110636.20,16.854,6584563945,1756151886001,False,1864662.51
2025-08-25 14:58:07,BTCUSDT,2833786345,110646.10,5.357,6584564205,1756151887031,True,592731.16
2025-08-25 14:58:07,BTCUSDT,2833786362,110646.60,13.562,6584564284,1756151887204,False,1500589.19
2025-08-25 14:58:07,BTCUSDT,2833786364,110646.60,7.998,6584564305,1756151887232,False,884951.51
2025-08-25 14:58:09,LINKUSDT,497554362,23.640,21186.71,1379422379,1756151889304,False,500853.82
2025-08-25 14:58:11,BTCUSDT,2833786613,110657.80,6.963,6584564845,1756151891507,True,770510.26
2025-08-25 14:58:12,BTCUSDT,2833786628,110657.80,6.428,6584564941,1756151892002,False,711308.34
2025-08-25 14:58:12,BTCUSDT,2833786639,110660.20,13.762,6584564972,1756151892018,False,1522905.67
2025-08-25 14:58:14,ETHUSDT,2411222449,4437.18,167.137,6273887020,1756151894685,False,741616.95
2025-08-25 14:58:14,BTCUSDT,2833786802,110688.90,10.908,6584565430,1756151894694,False,1207394.52
2025-08-25 14:58:15,BTCUSDT,2833786809,110689.70,7.898,6584565510,1756151895002,True,874227.25
2025-08-25 14:58:15,BTCUSDT,2833786825,110689.70,16.187,6584565591,1756151895584,False,1791734.17
2025-08-25 14:58:22,BTCUSDT,2833787455,110745.40,4.879,6584567106,1756151902644,True,540326.81
2025-08-25 14:58:32,ETHUSDT,2411224207,4440.00,115.385,6273891224,1756151912096,False,512309.40
2025-08-25 14:58:36,ETHUSDT,2411224580,4440.00,305.778,6273892325,1756151916825,False,1357654.32
2025-08-25 14:58:39,BTCUSDT,2833788073,110729.90,4.885,6584568625,1756151919403,False,540915.56
2025-08-25 14:58:47,BTCUSDT,2833788454,110697.50,6.023,6584569596,1756151927974,False,666731.04
2025-08-25 14:58:54,BTCUSDT,2833788751,110715.80,21.759,6584570641,1756151934207,False,2409065.09
2025-08-25 14:58:55,BTCUSDT,2833788785,110724.80,11.246,6584570752,1756151935154,False,1245211.10
2025-08-25 14:58:55,BTCUSDT,2833788880,110748.00,13.889,6584570934,1756151935380,True,1538178.97
2025-08-25 14:59:00,BTCUSDT,2833789081,110744.50,5.390,6584571471,1756151940570,True,596912.85
2025-08-25 14:59:02,BTCUSDT,2833789236,110709.40,8.307,6584571830,1756151942399,False,919662.99
2025-08-25 14:59:06,BTCUSDT,2833789750,110748.00,6.166,6584572855,1756151946204,False,682872.17
2025-08-25 14:59:06,BTCUSDT,2833789799,110757.90,16.910,6584572957,1756151946392,True,1872916.09
2025-08-25 14:59:07,ETHUSDT,2411228281,4430.00,141.699,6273900690,1756151947091,True,627726.57
2025-08-25 14:59:09,BTCUSDT,2833790197,110679.50,5.989,6584573838,1756151949417,False,662859.53
2025-08-25 14:59:10,ETHUSDT,2411228966,4425.01,162.664,6273902950,1756151950048,True,719789.83
2025-08-25 14:59:10,ETHUSDT,2411228967,4425.00,437.883,6273902954,1756151950048,True,1937632.27
2025-08-25 14:59:14,ETHUSDT,2411229769,4423.73,119.374,6273905458,1756151954369,False,528078.35
2025-08-25 14:59:17,ETHUSDT,2411230187,4425.27,139.901,6273906400,1756151957675,True,619099.70
2025-08-25 14:59:18,BTCUSDT,2833790595,110717.60,10.842,6584574651,1756151958551,True,1200400.22
2025-08-25 14:59:21,ETHUSDT,2411230706,4422.00,122.160,6273907964,1756151961170,True,540191.52
2025-08-25 14:59:21,ETHUSDT,2411230805,4421.00,188.609,6273908278,1756151961534,True,833840.39
2025-08-25 14:59:22,BTCUSDT,2833790767,110670.80,5.876,6584575033,1756151962153,False,650301.62
2025-08-25 14:59:22,ETHUSDT,2411231208,4420.01,150.108,6273909453,1756151962923,True,663478.86
2025-08-25 14:59:22,ETHUSDT,2411231209,4420.00,860.625,6273909456,1756151962923,True,3803962.50
2025-08-25 14:59:22,ETHUSDT,2411231301,4419.00,312.256,6273910279,1756151962926,True,1379859.26
2025-08-25 14:59:23,ETHUSDT,2411231498,4419.74,143.007,6273910832,1756151963228,True,632053.76
2025-08-25 14:59:26,BTCUSDT,2833791063,110699.90,6.811,6584575674,1756151966775,True,753977.02
